timestamp,price,volume,turnover,direction
15:00:03,9.1,4991,4541810,1
14:57:03,9.1,48,43680,1
14:57:00,9.1,143,130130,-1
14:56:57,9.1,86,78260,-1
14:56:54,9.11,207,188577,1
14:56:51,9.1,103,93730,-1
14:56:48,9.1,54,49140,-1
14:56:45,9.11,52,47372,1
14:56:42,9.11,142,129361,1
14:56:39,9.1,23,20930,-1
14:56:36,9.11,10,9110,1
14:56:33,9.09,40,36360,-1
14:56:30,9.1,103,93730,-1
14:56:27,9.1,64,58240,1
14:56:24,9.1,500,455000,-1
14:56:21,9.11,17,15486,1
14:56:18,9.11,28,25508,1
14:56:15,9.1,218,198380,-1
14:56:12,9.1,34,30940,-1
14:56:09,9.11,16,14576,1
14:56:06,9.11,502,457322,1
14:56:03,9.1,80,72800,-1
14:56:00,9.11,605,551155,1
14:55:57,9.09,132,119988,-1
14:55:54,9.1,77,70070,-1
14:55:51,9.1,25,22750,-1
14:55:48,9.1,13,11830,-1
14:55:45,9.09,430,390870,-1
14:55:42,9.09,55,49995,-1
14:55:39,9.1,50,45500,1
14:55:36,9.1,905,823550,1
14:55:33,9.1,78,70980,1
14:55:30,9.1,5,4550,1
14:55:27,9.1,702,638820,-1
14:55:24,9.1,20,18200,-1
14:55:21,9.11,54,49194,1
14:55:18,9.11,105,95655,1
14:55:15,9.1,20,18200,-1
14:55:12,9.1,43,39130,-1
14:55:09,9.11,2,1822,1
14:55:06,9.11,10,9110,1
14:55:03,9.11,29,26419,1
14:55:00,9.11,100,91100,1
14:54:57,9.1,82,74620,-1
14:54:54,9.1,228,207480,-1
14:54:51,9.11,60,54660,1
14:54:48,9.1,55,50050,-1
14:54:45,9.1,35,31850,-1
14:54:42,9.1,1273,1158430,-1
14:54:36,9.1,253,230230,1
14:54:33,9.1,158,143780,1
14:54:30,9.1,39,35490,1
14:54:27,9.1,138,125580,1
14:54:24,9.1,10,9100,1
14:54:21,9.09,4,3636,-1
14:54:18,9.1,234,212940,1
14:54:15,9.09,18,16716,1
14:54:12,9.09,403,366881,-1
14:54:09,9.1,34,30940,1
14:54:06,9.09,147,133623,-1
14:54:03,9.09,28,25452,-1
14:54:00,9.09,189,171801,-1
14:53:57,9.09,705,641199,-1
14:53:54,9.09,149,135441,-1
14:53:51,9.09,502,456318,-1
14:53:48,9.09,10,9090,-1
14:53:45,9.09,45,40905,-1
14:53:42,9.09,214,194526,1
14:53:39,9.09,144,130896,1
14:53:36,9.08,11,9988,-1
14:53:33,9.09,46,41814,1
14:53:30,9.09,144,130896,1
14:53:27,9.09,308,279972,-1
14:53:24,9.09,180,163620,1
14:53:21,9.09,340,309169,-1
14:53:18,9.09,230,209070,-1
14:53:15,9.1,20,18200,1
14:53:12,9.1,60,54600,1
14:53:09,9.09,1187,1078983,-1
14:53:06,9.1,90,81900,1
14:53:03,9.1,84,76440,1
14:53:00,9.1,272,247520,1
14:52:57,9.1,55,50050,1
14:52:54,9.1,655,596050,-1
14:52:51,9.1,103,93730,-1
14:52:48,9.1,38,34580,1
14:52:45,9.1,31,28210,1
14:52:42,9.1,7,6370,1
14:52:39,9.1,148,134680,1
14:52:36,9.1,17,15470,1
14:52:33,9.1,221,201110,-1
14:52:30,9.1,20,18200,-1
14:52:27,9.11,40,36440,1
14:52:24,9.1,70,63700,-1
14:52:21,9.1,90,81900,-1
14:52:18,9.11,15,13665,1
14:52:15,9.11,104,94744,1
14:52:12,9.11,2,1822,1
14:52:09,9.11,1428,1301709,1
14:52:06,9.11,101,92011,1
14:52:03,9.11,21,19131,1
14:51:57,9.11,52,47372,1
14:51:51,9.11,162,147582,-1
14:51:45,9.12,51,46511,1
14:51:42,9.11,79,71969,-1
14:51:39,9.1,327,297570,-1
14:51:36,9.11,50,45550,-1
14:51:33,9.1,70,63700,-1
14:51:30,9.11,100,91100,1
14:51:24,9.11,18,16398,1
14:51:21,9.11,9,8199,1
14:51:18,9.11,2876,2620036,1
14:51:15,9.11,72,65592,1
14:51:12,9.11,24,21864,1
14:51:09,9.11,182,165802,1
14:51:06,9.11,457,416327,1
14:51:03,9.11,77,70147,1
14:50:57,9.11,416,378976,-1
14:50:54,9.11,79,71969,-1
14:50:51,9.12,72,65664,1
14:50:48,9.12,5,4560,1
14:50:45,9.11,39,35529,1
14:50:42,9.11,11,10021,1
14:50:39,9.12,87,80146,1
14:50:36,9.12,14,12767,1
14:50:33,9.12,54,49247,1
14:50:30,9.12,29,26447,1
14:50:27,9.11,647,589417,-1
14:50:21,9.12,25,22799,1
14:50:18,9.11,246,224106,-1
14:50:15,9.11,62,56482,-1
14:50:12,9.12,59,53807,1
14:50:09,9.12,46,41952,1
14:50:03,9.12,100,91199,1
14:50:00,9.11,32,29152,-1
14:49:57,9.11,33,30062,-1
14:49:54,9.12,12,10943,1
14:49:48,9.11,535,487384,-1
14:49:42,9.12,22,20064,1
14:49:39,9.11,53,48283,-1
14:49:36,9.12,10,9120,1
14:49:33,9.11,50,45550,-1
14:49:30,9.12,6,5471,1
14:49:24,9.11,64,58304,-1
14:49:21,9.11,11,10021,-1
14:49:18,9.11,100,91100,-1
14:49:15,9.11,22,20042,-1
14:49:12,9.11,63,57502,1
14:49:09,9.11,308,280588,1
14:49:06,9.1,25,22750,-1
14:49:03,9.1,59,53690,-1
14:49:00,9.1,96,87360,-1
14:48:57,9.11,44,40084,1
14:48:51,9.1,13,11830,-1
14:48:48,9.11,3,2733,1
14:48:45,9.11,17,15486,1
14:48:42,9.11,94,85634,1
14:48:39,9.11,50,45550,1
14:48:36,9.1,27,24570,-1
14:48:27,9.11,103,93833,1
14:48:24,9.11,63,57393,1
14:48:21,9.11,2,1822,1
14:48:18,9.11,39,35529,-1
14:48:15,9.11,5,4555,-1
14:48:12,9.12,2,1823,1
14:48:09,9.12,45,41040,1
14:48:03,9.12,31,28618,-1
14:48:00,9.12,1,911,-1
14:47:57,9.13,253,231555,1
14:47:54,9.1,74,67340,1
14:47:51,9.1,2903,2642075,-1
14:47:48,9.12,58,52895,-1
14:47:45,9.12,112,102143,-1
14:47:42,9.13,220,200860,1
14:47:30,9.12,54,49247,-1
14:47:27,9.12,22,20064,-1
14:47:24,9.12,45,41040,-1
14:47:21,9.12,1,911,-1
14:47:18,9.12,14,12767,-1
14:47:15,9.12,446,407527,1
14:47:12,9.12,33,30095,1
14:47:09,9.11,1147,1044916,-1
14:47:06,9.12,16,14591,1
14:47:03,9.12,20,18240,1
14:47:00,9.12,13,11855,1
14:46:57,9.12,82,74784,1
14:46:54,9.11,171,155781,-1
14:46:51,9.11,282,256901,-1
14:46:48,9.12,15,13679,1
14:46:45,9.12,79,72048,1
14:46:42,9.11,55,50105,-1
14:46:39,9.11,50,45550,-1
14:46:36,9.12,114,103967,1
14:46:33,9.11,61,55571,-1
14:46:30,9.12,25,22799,1
14:46:24,9.12,62,56543,1
14:46:21,9.12,27,24623,1
14:46:18,9.11,56,51016,-1
14:46:15,9.12,2,1823,1
14:46:12,9.11,327,297897,-1
14:46:09,9.11,104,94744,-1
14:46:06,9.12,115,104879,1
14:46:03,9.12,5,4560,1
14:46:00,9.12,1003,914735,1
14:45:57,9.11,61,55571,-1
14:45:54,9.11,11,10021,-1
14:45:51,9.12,85,77520,1
14:45:48,9.11,3,2733,-1
14:45:42,9.12,60,54719,1
14:45:36,9.11,222,202242,-1
14:45:33,9.12,2,1823,1
14:45:30,9.11,10,9110,-1
14:45:27,9.11,20,18220,-1
14:45:24,9.11,200,182200,-1
14:45:21,9.12,10,9120,1
14:45:18,9.12,24,21887,1
14:45:15,9.12,55,50159,-1
14:45:12,9.12,5,4560,-1
14:45:09,9.12,906,826271,1
14:45:06,9.11,100,91100,-1
14:45:03,9.12,1106,1008671,1
14:45:00,9.12,56,51071,1
14:44:57,9.11,57,51927,-1
14:44:54,9.12,44,40128,1
14:44:51,9.12,82,74784,1
14:44:48,9.11,18,16398,-1
14:44:45,9.12,11,10032,1
14:44:42,9.12,30,27359,-1
14:44:39,9.13,474,432762,1
14:44:36,9.13,80,73040,1
14:44:33,9.13,65,59345,1
14:44:30,9.12,10,9120,-1
14:44:27,9.13,23,20999,1
14:44:24,9.12,14,12767,-1
14:44:21,9.1,8500,7735000,-1
14:44:18,9.13,3,2739,1
14:44:15,9.12,155,141360,-1
14:44:12,9.13,229,209077,1
14:44:09,9.13,74,67562,1
14:44:06,9.12,450,410399,-1
14:44:03,9.13,119,108647,1
14:44:00,9.12,40,36480,-1
14:43:57,9.13,196,178948,-1
14:43:54,9.13,28,25564,-1
14:43:51,9.13,141,128733,1
14:43:42,9.12,11,10032,-1
14:43:39,9.13,22,20086,-1
14:43:36,9.12,123,112175,-1
14:43:33,9.13,378,345817,1
14:43:30,9.13,3,2739,1
14:43:27,9.12,10,9120,-1
14:43:24,9.12,10,9120,-1
14:43:21,9.12,36,32832,-1
14:43:18,9.13,4,3652,1
14:43:15,9.13,16,14608,1
14:43:12,9.12,61,55631,-1
14:43:09,9.12,40,36480,-1
14:43:03,9.13,138,125994,1
14:43:00,9.12,60,54719,-1
14:42:57,9.12,202,184223,-1
14:42:54,9.13,360,328680,1
14:42:51,9.13,60,54780,1
14:42:48,9.13,76,69388,1
14:42:45,9.13,85,77814,-1
14:42:30,9.13,290,264770,-1
14:42:27,9.13,195,178738,1
14:42:21,9.13,140,127820,1
14:42:18,9.13,55,50215,1
14:42:12,9.13,22,20086,1
14:42:09,9.12,40,36480,-1
14:42:06,9.13,83,75779,1
14:42:03,9.12,159,145008,-1
14:42:00,9.12,255,232559,-1
14:41:57,9.12,32,29183,-1
14:41:54,9.13,530,483890,1
14:41:51,9.12,7,6383,-1
14:41:48,9.13,125,114125,1
14:41:42,9.13,48,43824,1
14:41:39,9.13,5,4565,1
14:41:36,9.13,11,10043,1
14:41:30,9.13,67,61171,1
14:41:24,9.12,54,49247,-1
14:41:21,9.13,40,36520,1
14:41:18,9.13,21,19173,1
14:41:15,9.13,222,202895,-1
14:41:12,9.13,447,408111,-1
14:41:09,9.14,5,4570,1
14:41:06,9.13,50,45650,-1
14:41:03,9.13,40,36520,-1
14:41:00,9.14,17,15538,1
14:40:57,9.14,54,49356,1
14:40:54,9.13,180,164340,-1
14:40:51,9.14,48,43872,1
14:40:48,9.13,52,48179,1
14:40:45,9.13,5,4565,1
14:40:42,9.13,4,3652,1
14:40:39,9.13,63,57519,1
14:40:33,9.13,5,4565,1
14:40:30,9.13,403,368148,-1
14:40:27,9.13,101,92213,-1
14:40:24,9.14,7,6398,1
14:40:21,9.13,29,26477,-1
14:40:18,9.13,40,36520,-1
14:40:15,9.13,32,29216,-1
14:40:12,9.13,213,195172,1
14:40:09,9.12,455,414959,-1
14:40:06,9.12,56,51071,-1
14:40:03,9.13,70,63910,1
14:40:00,9.13,786,717618,1
14:39:57,9.12,122,111263,-1
14:39:54,9.13,5,4565,1
14:39:51,9.13,51,46563,1
14:39:48,9.13,7,6391,1
14:39:45,9.12,170,155040,-1
14:39:39,9.12,164,149568,-1
14:39:33,9.13,150,136950,1
14:39:30,9.13,91,83083,1
14:39:27,9.12,68,62015,-1
14:39:24,9.13,8,7304,1
14:39:21,9.13,20,18260,1
14:39:18,9.13,13,11869,1
14:39:15,9.13,55,50215,1
14:39:12,9.13,11,10043,1
14:39:09,9.13,30,27390,1
14:39:06,9.12,706,644081,-1
14:39:03,9.14,13,11882,1
14:39:00,9.13,502,458326,-1
14:38:57,9.13,32,29216,-1
14:38:54,9.14,30,27420,1
14:38:51,9.14,25,22850,1
14:38:48,9.13,16,14608,-1
14:38:42,9.14,10,9140,1
14:38:39,9.14,56,51184,1
14:38:36,9.14,87,79518,1
14:38:33,9.14,270,246780,1
14:38:30,9.14,859,785126,-1
14:38:27,9.14,242,221188,-1
14:38:24,9.14,16,14624,-1
14:38:21,9.15,19,17385,1
14:38:18,9.15,520,475800,1
14:38:15,9.14,5,4570,-1
14:38:09,9.15,97,88755,1
14:38:03,9.15,20,18300,1
14:38:00,9.15,337,308355,1
14:37:57,9.14,72,65808,-1
14:37:42,9.14,40,36560,-1
14:37:39,9.14,102,93228,-1
14:37:36,9.14,20,18280,-1
14:37:30,9.15,31,28365,1
14:37:27,9.15,5,4575,1
14:37:21,9.14,28,25592,-1
14:37:18,9.14,7,6398,-1
14:37:09,9.14,50,45700,-1
14:37:06,9.14,1,914,-1
14:37:03,9.15,5,4575,1
14:37:00,9.15,36,32940,1
14:36:57,9.14,32,29248,-1
14:36:54,9.15,38,34770,1
14:36:48,9.15,10,9150,1
14:36:45,9.15,3,2745,1
14:36:33,9.14,5,4570,-1
14:36:30,9.14,150,137100,-1
14:36:27,9.14,40,36560,-1
14:36:24,9.15,5,4575,1
14:36:21,9.14,18,16452,-1
14:36:18,9.14,20,18280,-1
14:36:15,9.15,36,32940,1
14:36:09,9.14,75,68550,-1
14:36:06,9.14,14,12796,-1
14:36:03,9.15,1,915,1
14:36:00,9.14,230,210220,-1
14:35:57,9.14,75,68550,-1
14:35:51,9.15,70,64050,1
14:35:48,9.14,20,18280,-1
14:35:45,9.15,39,35685,1
14:35:42,9.14,5,4570,-1
14:35:39,9.15,20,18300,1
14:35:36,9.15,52,47580,1
14:35:33,9.14,119,108766,-1
14:35:30,9.15,5,4575,1
14:35:27,9.15,145,132675,1
14:35:21,9.15,50,45750,1
14:35:18,9.14,110,100540,-1
14:35:12,9.15,10,9150,1
14:35:09,9.14,8,7312,-1
14:35:06,9.14,40,36560,-1
14:34:57,9.14,43,39302,1
14:34:54,9.14,27,24678,1
14:34:48,9.14,57,52098,-1
14:34:45,9.14,301,275114,-1
14:34:42,9.14,52,47528,-1
14:34:36,9.15,63,57645,1
14:34:33,9.14,15,13710,-1
14:34:27,9.14,74,67636,-1
14:34:24,9.14,20,18280,-1
14:34:21,9.14,224,204736,-1
14:34:15,9.14,80,73120,1
14:34:12,9.14,5,4570,1
14:34:06,9.14,50,45700,1
14:34:03,9.13,238,217294,-1
14:34:00,9.14,61,55754,1
14:33:57,9.13,32,29216,-1
14:33:54,9.14,210,191940,1
14:33:51,9.14,41,37474,1
14:33:48,9.14,5,4570,1
14:33:45,9.13,40,36520,-1
14:33:42,9.14,26,23764,1
14:33:39,9.14,5,4570,1
14:33:36,9.14,60,54840,1
14:33:33,9.14,601,550209,-1
14:33:30,9.14,75,68550,-1
14:33:27,9.15,133,121695,1
14:33:24,9.15,113,103395,1
14:33:21,9.14,19,17366,-1
14:33:18,9.14,41,37474,-1
14:33:15,9.14,40,36560,-1
14:33:12,9.15,13,11895,1
14:33:09,9.15,11,10065,1
14:33:06,9.14,143,130720,1
14:33:03,9.14,28,25592,1
14:33:00,9.14,893,817097,-1
14:32:57,9.16,37,33892,1
14:32:51,9.16,96,87936,1
14:32:48,9.15,62,56730,-1
14:32:45,9.16,51,46716,1
14:32:42,9.16,148,135568,1
14:32:39,9.16,48,43968,1
14:32:36,9.15,2,1848,-1
14:32:30,9.15,40,36600,-1
14:32:21,9.15,25,22875,-1
14:32:15,9.15,46,42090,-1
14:32:12,9.15,93,85095,1
14:32:09,9.15,151,138165,-1
14:32:06,9.15,224,204960,-1
14:32:03,9.15,81,74115,-1
14:32:00,9.15,117,107055,-1
14:31:57,9.15,62,56730,0
14:31:54,9.16,2030,1859480,1
14:31:48,9.16,30,27480,1
14:31:45,9.16,151,138316,1
14:31:42,9.16,115,105340,1
14:31:39,9.15,2,1830,-1
14:31:30,9.15,102,93330,-1
14:31:21,9.15,23,21045,-1
14:31:18,9.16,30,27480,1
14:31:15,9.16,45,41220,1
14:31:12,9.16,100,91600,1
14:31:09,9.15,34,31110,-1
14:31:06,9.15,106,96990,-1
14:31:03,9.16,4,3664,1
14:31:00,9.16,37,33892,1
14:30:57,9.16,125,114500,-1
14:30:54,9.17,5,4585,1
14:30:51,9.17,19,17423,1
14:30:45,9.15,228,208620,-1
14:30:42,9.16,5,5285,1
14:30:39,9.16,111,101676,1
14:30:36,9.16,81,74196,1
14:30:33,9.15,59,53985,-1
14:30:30,9.15,27,24705,-1
14:30:24,9.16,105,96180,1
14:30:21,9.15,18,16470,-1
14:30:18,9.16,10,9160,1
14:30:15,9.16,29,26564,1
14:30:09,9.15,40,36600,-1
14:29:57,9.16,162,148392,1
14:29:45,9.15,6,5490,-1
14:29:39,9.15,2,1830,-1
14:29:36,9.16,3,2748,1
14:29:30,9.15,1,915,-1
14:29:27,9.16,1,916,1
14:29:24,9.16,100,91600,1
14:29:21,9.15,523,478545,-1
14:29:18,9.16,12,10992,1
14:29:15,9.16,10,9160,1
14:29:12,9.16,20,18320,1
14:29:09,9.16,8,7328,1
14:29:06,9.15,45,41175,-1
14:29:03,9.16,2,1832,1
14:29:00,9.16,3,2748,1
14:28:57,9.16,46,42136,1
14:28:54,9.16,25,22900,1
14:28:48,9.16,15,13740,1
14:28:45,9.15,14,12810,0
14:28:42,9.16,60,54960,1
14:28:39,9.15,452,413580,-1
14:28:36,9.15,199,182085,-1
14:28:33,9.16,85,77860,1
14:28:24,9.15,7,6405,-1
14:28:21,9.15,17,15555,-1
14:28:18,9.15,15,13725,-1
14:28:15,9.15,160,146400,1
14:28:09,9.14,41,37474,-1
14:28:06,9.14,580,530120,-1
14:28:03,9.15,19,17385,1
14:27:57,9.15,69,63135,-1
14:27:51,9.16,1,916,1
14:27:48,9.16,59,54044,1
14:27:42,9.15,82,75030,-1
14:27:39,9.16,579,530364,1
14:27:36,9.15,420,384300,-1
14:27:27,9.15,21,19215,-1
14:27:21,9.15,220,201300,-1
14:27:18,9.16,233,213428,1
14:27:15,9.15,452,413580,-1
14:27:09,9.15,5,4575,-1
14:27:06,9.15,50,45750,-1
14:27:03,9.15,19,17385,-1
14:27:00,9.16,6,5496,1
14:26:57,9.15,40,36600,-1
14:26:54,9.15,10,9150,-1
14:26:51,9.15,733,670695,1
14:26:48,9.15,252,230580,1
14:26:45,9.14,50,45700,-1
14:26:42,9.14,15,13710,-1
14:26:39,9.15,203,185745,1
14:26:36,9.15,113,103395,1
14:26:30,9.15,128,117120,1
14:26:27,9.15,10,9150,1
14:26:24,9.15,84,76860,1
14:26:21,9.15,20,18300,1
14:26:18,9.14,27,24678,-1
14:26:15,9.15,110,100650,1
14:26:12,9.15,5,4575,1
14:26:09,9.15,12,10980,1
14:26:06,9.14,40,36560,-1
14:26:03,9.15,31,28365,1
14:26:00,9.15,10,9150,1
14:25:57,9.15,63,57645,1
14:25:54,9.15,456,417240,1
14:25:51,9.15,1087,994605,1
14:25:48,9.15,52,47580,1
14:25:45,9.15,20,18300,1
14:25:42,9.15,262,239730,1
14:25:39,9.15,93,85095,1
14:25:36,9.15,75,68625,1
14:25:33,9.15,12,10980,1
14:25:30,9.15,111,101565,1
14:25:27,9.15,49,44835,1
14:25:24,9.15,105,96075,1
14:25:21,9.14,56,51184,-1
14:25:18,9.15,6,5490,1
14:25:15,9.15,10,9150,1
14:25:12,9.14,100,91400,-1
14:25:09,9.14,10,9140,-1
14:25:06,9.14,41,37474,-1
14:25:03,9.14,207,190038,-1
14:25:00,9.15,62,56730,1
14:24:57,9.14,146,133444,1
14:24:54,9.14,203,185542,0
14:24:51,9.13,1586,1448018,-1
14:24:48,9.15,47,43005,1
14:24:45,9.15,128,117120,1
14:24:42,9.15,5,4575,1
14:24:39,9.14,227,208318,1
14:24:36,9.13,533,486629,-1
14:24:33,9.14,5,4570,1
14:24:30,9.13,128,116864,-1
14:24:27,9.13,546,498498,-1
14:24:24,9.13,15,13695,-1
14:24:21,9.14,31,28334,1
14:24:18,9.13,25,22825,-1
14:24:15,9.14,44,40216,1
14:24:12,9.14,73,66722,1
14:24:09,9.14,138,126205,-1
14:24:06,9.14,41,37474,-1
14:24:03,9.14,560,511840,-1
14:24:00,9.15,71,64965,1
14:23:57,9.14,115,105110,-1
14:23:54,9.15,2,1830,1
14:23:51,9.15,1086,993690,1
14:23:48,9.15,87,79605,1
14:23:45,9.15,134,122610,1
14:23:42,9.15,140,128100,-1
14:23:39,9.15,21,19215,-1
14:23:36,9.16,408,373728,1
14:23:33,9.16,14,12824,1
14:23:30,9.15,120,109800,-1
14:23:27,9.15,14,12810,-1
14:23:24,9.16,7,6412,1
14:23:21,9.15,258,236911,1
14:23:15,9.15,768,702793,-1
14:23:12,9.16,5,4580,1
14:23:09,9.16,28,25648,1
14:23:06,9.15,965,882975,-1
14:23:00,9.16,265,242740,1
14:22:57,9.16,39,35724,0
14:22:51,9.15,1003,917745,-1
14:22:45,9.17,13,11921,1
14:22:42,9.16,100,91600,-1
14:22:36,9.17,5,4585,1
14:22:33,9.16,38,34808,-1
14:22:30,9.17,15,13755,1
14:22:27,9.16,419,383804,-1
14:22:21,9.16,66,60456,-1
14:22:18,9.16,5,4580,-1
14:22:15,9.16,4,3664,-1
14:22:12,9.16,361,331124,-1
14:22:09,9.17,230,210910,-1
14:22:06,9.17,40,36680,-1
14:22:03,9.18,5,4590,1
14:22:00,9.17,54,49518,-1
14:21:57,9.17,53,48601,-1
14:21:54,9.17,42,38514,-1
14:21:51,9.18,23,21114,1
14:21:48,9.17,10,9170,-1
14:21:39,9.17,57,52269,-1
14:21:36,9.18,12,11741,1
14:21:33,9.18,58,53244,1
14:21:30,9.17,15,13755,-1
14:21:27,9.18,22,20196,1
14:21:24,9.18,73,67014,1
14:21:21,9.17,110,100870,-1
14:21:18,9.17,19,17423,-1
14:21:15,9.18,50,45900,1
14:21:09,9.17,17,15589,-1
14:21:06,9.17,43,39431,-1
14:21:00,9.17,260,238420,-1
14:20:57,9.18,218,200849,-1
14:20:54,9.18,32,29376,-1
14:20:48,9.18,448,411456,1
14:20:45,9.17,35,32095,-1
14:20:42,9.17,70,64190,-1
14:20:39,9.17,10,9170,-1
14:20:33,9.17,47,43099,-1
14:20:24,9.17,3,2751,-1
14:20:18,9.17,25,22925,-1
14:20:15,9.17,98,89866,-1
14:20:12,9.17,59,54103,-1
14:20:09,9.17,643,590291,-1
14:20:06,9.17,50,45850,-1
14:20:03,9.17,41,37597,-1
14:20:00,9.17,55,50435,-1
14:19:57,9.18,41,37638,1
14:19:54,9.17,10,9170,-1
14:19:51,9.18,12,11016,1
14:19:48,9.17,26,23842,-1
14:19:45,9.18,51,46818,1
14:19:42,9.17,40,36680,-1
14:19:39,9.17,40,36680,-1
14:19:36,9.17,265,243005,-1
14:19:33,9.18,32,29376,1
14:19:30,9.17,16,14672,-1
14:19:27,9.17,41,37597,-1
14:19:21,9.18,38,34884,1
14:19:18,9.18,14,12852,1
14:19:15,9.17,132,121044,-1
14:19:12,9.18,170,156060,1
14:19:06,9.17,40,36680,-1
14:19:03,9.17,90,82530,-1
14:19:00,9.17,63,57771,-1
14:18:57,9.17,32,29344,-1
14:18:51,9.18,50,45900,1
14:18:48,9.18,325,299075,-1
14:18:45,9.18,8,7344,-1
14:18:42,9.18,17,15606,-1
14:18:39,9.18,90,82620,-1
14:18:33,9.18,13,11934,-1
14:18:24,9.18,7,6426,-1
14:18:21,9.18,468,429624,-1
14:18:18,9.18,10,9180,-1
14:18:12,9.19,53,48707,1
14:18:09,9.18,28,25704,-1
14:18:06,9.18,40,36720,-1
14:18:03,9.18,20,18360,-1
14:17:57,9.19,89,82700,1
14:17:51,9.19,50,45950,1
14:17:48,9.18,30,27540,-1
14:17:42,9.18,96,88128,-1
14:17:39,9.18,10,9180,-1
14:17:36,9.18,56,51408,-1
14:17:33,9.19,2,1838,1
14:17:30,9.19,17,15623,1
14:17:27,9.19,16,14704,1
14:17:24,9.18,10,9180,-1
14:17:21,9.19,63,57897,1
14:17:18,9.18,50,45900,-1
14:17:15,9.18,57,52326,-1
14:17:12,9.19,21,19299,1
14:17:09,9.19,19,17461,1
14:17:06,9.19,50,45950,1
14:17:03,9.18,16,14688,-1
14:16:57,9.18,32,29376,-1
14:16:54,9.19,131,120389,-1
14:16:48,9.19,20,18380,-1
14:16:42,9.19,20,18380,-1
14:16:33,9.19,3,2757,-1
14:16:24,9.19,185,170015,1
14:16:21,9.19,50,45950,1
14:16:18,9.18,30,27540,-1
14:16:15,9.19,29,26651,1
14:16:12,9.18,10,9180,-1
14:16:06,9.19,50,45950,1
14:16:03,9.19,50,45950,1
14:16:00,9.18,3,2754,-1
14:15:57,9.18,23,21114,-1
14:15:54,9.18,49,44982,-1
14:15:45,9.18,10,9180,-1
14:15:42,9.19,5,4595,1
14:15:39,9.19,12,11028,1
14:15:36,9.19,48,44112,1
14:15:33,9.18,234,214812,-1
14:15:30,9.19,5,4595,1
14:15:27,9.19,2,1838,1
14:15:21,9.19,7,6433,1
14:15:18,9.18,18,16524,-1
14:15:12,9.19,15,13785,1
14:15:09,9.19,175,160825,-1
14:15:06,9.19,41,37679,-1
14:15:00,9.19,17,15623,-1
14:14:54,9.19,32,29408,-1
14:14:45,9.19,33,30327,-1
14:14:39,9.19,242,222398,-1
14:14:36,9.19,10,9190,-1
14:14:30,9.19,48,44112,-1
14:14:24,9.19,60,55140,-1
14:14:21,9.19,19,17461,-1
14:14:12,9.19,23,21137,-1
14:14:09,9.19,66,60654,-1
14:14:06,9.19,91,83629,0
14:14:00,9.18,347,318546,-1
14:13:54,9.19,59,54221,-1
14:13:51,9.19,32,29408,-1
14:13:42,9.19,2,1838,-1
14:13:36,9.19,220,202180,-1
14:13:33,9.19,5,4595,-1
14:13:30,9.19,79,72601,-1
14:13:24,9.19,98,90062,-1
14:13:21,9.2,69,63479,1
14:13:18,9.19,235,215965,-1
14:13:15,9.2,69,63479,1
14:13:09,9.19,13,11947,-1
14:13:06,9.19,43,39517,-1
14:13:00,9.2,100,92000,1
14:12:57,9.19,1,919,-1
14:12:54,9.19,32,29408,-1
14:12:51,9.19,52,47788,-1
14:12:45,9.19,237,217803,-1
14:12:42,9.2,15,13799,1
14:12:36,9.19,4,3676,-1
14:12:30,9.19,18,16542,-1
14:12:27,9.19,20,18380,-1
14:12:24,9.2,22,20240,1
14:12:21,9.19,18,16542,-1
14:12:12,9.2,1,919,1
14:12:06,9.19,40,36760,-1
14:12:00,9.2,60,55199,1
14:11:57,9.19,32,29408,-1
14:11:54,9.19,5,4595,-1
14:11:27,9.19,28,25732,-1
14:11:18,9.19,18,16542,-1
14:11:15,9.2,304,279680,1
14:11:12,9.19,33,30327,-1
14:11:06,9.19,46,42274,-1
14:11:03,9.19,3,2757,-1
14:10:57,9.2,159,146280,1
14:10:54,9.2,148,136160,-1
14:10:51,9.2,10,9200,-1
14:10:48,9.21,200,184200,1
14:10:45,9.2,92,84640,1
14:10:39,9.2,23,21160,-1
14:10:36,9.2,2,1839,-1
14:10:33,9.2,75,69000,1
14:10:30,9.19,5,4595,-1
14:10:27,9.19,38,34922,-1
14:10:24,9.2,169,155480,1
14:10:21,9.2,148,136160,1
14:10:18,9.19,94,86386,-1
14:10:06,9.2,109,100279,1
14:10:03,9.2,84,77280,1
14:09:57,9.2,60,55199,1
14:09:54,9.19,32,29408,-1
14:09:51,9.21,100,92100,1
14:09:48,9.2,27,24839,-1
14:09:45,9.19,10,9190,-1
14:09:42,9.2,3,2760,-1
14:09:39,9.21,3,2763,1
14:09:36,9.2,86,79120,-1
14:09:30,9.2,199,183080,-1
14:09:27,9.2,20,18400,-1
14:09:24,9.2,629,578910,1
14:09:18,9.19,41,37679,-1
14:09:15,9.19,4,3676,-1
14:09:06,9.19,280,257320,-1
14:09:03,9.19,38,34922,-1
14:08:54,9.19,32,29408,-1
14:08:51,9.19,44,40436,-1
14:08:36,9.19,44,40436,-1
14:08:33,9.19,138,127722,-1
14:08:30,9.19,512,470528,1
14:08:24,9.19,8,7352,1
14:08:21,9.18,78,71604,-1
14:08:18,9.19,5,4595,1
14:08:12,9.18,1,918,-1
14:08:09,9.18,50,45900,-1
14:08:06,9.18,80,73440,-1
14:08:03,9.19,5,4595,1
14:08:00,9.19,22,20218,1
14:07:54,9.18,32,29376,-1
14:07:51,9.18,61,55998,-1
14:07:48,9.18,7,6426,-1
14:07:45,9.18,16,14688,-1
14:07:42,9.18,33,30294,-1
14:07:39,9.18,44,40392,-1
14:07:36,9.18,42,38556,-1
14:07:33,9.18,49,44982,-1
14:07:30,9.19,12,11028,1
14:07:24,9.19,50,45950,1
14:07:21,9.19,56,51464,1
14:07:18,9.18,18,16524,-1
14:07:15,9.19,5,4595,1
14:07:09,9.18,240,220320,-1
14:07:06,9.2,134,123279,1
14:07:03,9.2,17,15639,1
14:06:57,9.2,20,18400,1
14:06:54,9.19,242,222398,-1
14:06:51,9.19,40,36760,-1
14:06:48,9.19,20,18380,-1
14:06:45,9.2,20,18400,1
14:06:39,9.19,201,185628,1
14:06:36,9.19,146,134174,1
14:06:30,9.19,10,9190,1
14:06:24,9.19,114,104766,1
14:06:21,9.18,40,36720,-1
14:06:18,9.18,19,17442,-1
14:06:06,9.18,40,36720,-1
14:06:03,9.18,53,48654,-1
14:05:57,9.19,71,65249,1
14:05:54,9.18,321,294687,-1
14:05:51,9.19,5,4595,-1
14:05:48,9.19,40,36760,-1
14:05:42,9.19,45,42264,1
14:05:36,9.19,5,4595,1
14:05:33,9.18,40,36720,-1
14:05:27,9.19,24,22065,-1
14:05:24,9.19,10,9190,-1
14:05:21,9.19,75,69834,1
14:05:18,9.18,182,167076,-1
14:05:15,9.19,130,119470,1
14:05:06,9.18,40,36720,-1
14:05:03,9.18,40,36720,-1
14:05:00,9.19,2,1838,1
14:04:57,9.19,301,276628,-1
14:04:51,9.2,50,46000,1
14:04:48,9.19,60,55140,-1
14:04:42,9.19,35,32165,-1
14:04:39,9.2,11,10120,1
14:04:33,9.19,70,64330,-1
14:04:30,9.19,19,18370,0
14:04:21,9.2,514,472879,1
14:04:18,9.18,86,78948,-1
14:04:12,9.2,81,74538,1
14:04:09,9.19,10,9190,-1
14:04:06,9.19,40,36760,-1
14:04:03,9.19,40,36760,-1
14:03:57,9.19,69,64311,1
14:03:54,9.18,276,253368,-1
14:03:48,9.18,40,36720,-1
14:03:45,9.19,1,919,1
14:03:42,9.18,30,27540,-1
14:03:33,9.17,108,99036,-1
14:03:30,9.18,50,45900,1
14:03:27,9.18,20,18360,1
14:03:24,9.18,184,168912,-1
14:03:21,9.18,9,8262,-1
14:03:18,9.18,63,57834,-1
14:03:15,9.19,124,113956,1
14:03:06,9.17,87,79779,-1
14:03:03,9.17,50,45850,-1
14:03:00,9.18,979,898887,1
14:02:54,9.18,100,91800,1
14:02:51,9.18,15,13770,1
14:02:48,9.17,40,36680,-1
14:02:45,9.17,17,15589,-1
14:02:42,9.17,109,99953,-1
14:02:39,9.18,6,5508,1
14:02:33,9.17,40,36680,-1
14:02:30,9.17,25,22925,-1
14:02:27,9.18,24,22032,1
14:02:21,9.18,29,26622,1
14:02:18,9.17,50,45850,-1
14:02:15,9.17,1,917,-1
14:02:12,9.18,1,918,1
14:02:09,9.17,4,3668,-1
14:02:06,9.17,40,36680,-1
14:02:03,9.17,40,36680,-1
14:02:00,9.18,11,10098,1
14:01:57,9.17,228,209076,-1
14:01:54,9.17,106,97202,-1
14:01:48,9.17,40,36680,-1
14:01:42,9.18,11,10098,1
14:01:33,9.17,42,38514,-1
14:01:24,9.18,4,3672,1
14:01:21,9.17,23,21091,-1
14:01:18,9.17,51,46767,-1
14:01:15,9.17,40,36680,-1
14:01:12,9.18,23,21114,1
14:01:09,9.18,35,32130,1
14:01:06,9.17,161,147637,-1
14:01:03,9.17,45,41265,-1
14:01:00,9.18,1,918,1
14:00:57,9.18,60,55080,1
14:00:54,9.17,133,121961,-1
14:00:51,9.18,25,22950,1
14:00:48,9.17,45,41265,-1
14:00:42,9.18,10,9180,1
14:00:39,9.18,15,13770,1
14:00:36,9.18,38,34884,1
14:00:33,9.17,40,36680,-1
14:00:27,9.18,8,7344,1
14:00:24,9.18,6,5508,1
14:00:21,9.17,1,917,-1
14:00:18,9.17,58,53186,-1
14:00:15,9.17,26,23842,-1
14:00:09,9.18,9,8262,1
14:00:06,9.17,40,36680,-1
14:00:03,9.17,42,38514,-1
13:59:57,9.18,109,100062,1
13:59:54,9.17,32,29344,-1
13:59:51,9.17,10,9170,-1
13:59:48,9.18,154,141372,1
13:59:39,9.17,10,9170,-1
13:59:33,9.17,40,36680,-1
13:59:27,9.17,10,9170,-1
13:59:24,9.17,26,23842,-1
13:59:18,9.17,58,53186,-1
13:59:15,9.17,1,917,-1
13:59:12,9.18,9,8262,1
13:59:09,9.17,10,9170,-1
13:59:06,9.17,60,55020,-1
13:59:00,9.18,69,63342,-1
13:58:54,9.18,37,33966,-1
13:58:48,9.18,240,220320,-1
13:58:45,9.18,69,63342,-1
13:58:39,9.18,33,30294,-1
13:58:36,9.19,33,30327,1
13:58:33,9.18,340,312120,-1
13:58:24,9.18,40,36720,-1
13:58:18,9.18,59,54162,-1
13:58:15,9.18,159,145962,-1
13:58:12,9.18,408,374544,1
13:58:06,9.17,40,36680,-1
13:58:03,9.17,174,159558,-1
13:57:54,9.17,32,29344,-1
13:57:51,9.17,98,89866,-1
13:57:48,9.17,40,36680,-1
13:57:39,9.17,22,20174,-1
13:57:33,9.17,40,36680,-1
13:57:27,9.17,105,96285,-1
13:57:18,9.17,58,53186,-1
13:57:12,9.18,47,43146,1
13:57:06,9.17,40,36680,-1
13:57:03,9.17,40,36680,-1
13:57:00,9.18,70,64260,1
13:56:57,9.18,1,918,0
13:56:54,9.19,61,56059,1
13:56:48,9.18,90,82620,-1
13:56:45,9.18,55,50490,-1
13:56:42,9.18,236,216648,-1
13:56:36,9.18,9,8262,-1
13:56:33,9.19,57,52383,1
13:56:30,9.18,30,27540,-1
13:56:24,9.18,51,46818,-1
13:56:21,9.18,148,135864,1
13:56:18,9.17,17,15589,-1
13:56:15,9.18,92,84456,-1
13:56:06,9.18,40,36720,-1
13:56:03,9.18,40,36720,-1
13:55:57,9.18,6,5508,-1
13:55:54,9.18,80,73440,-1
13:55:51,9.18,234,214812,1
13:55:48,9.17,48,44016,-1
13:55:45,9.17,97,88949,-1
13:55:36,9.18,16,14688,1
13:55:33,9.17,40,36680,-1
13:55:24,9.18,23,21114,1
13:55:21,9.18,47,43146,1
13:55:18,9.17,61,55937,-1
13:55:06,9.18,51,46818,1
13:55:03,9.17,40,36680,-1
13:54:57,9.18,1,918,0
13:54:54,9.17,32,29344,-1
13:54:48,9.18,40,36720,-1
13:54:45,9.18,30,27540,-1
13:54:42,9.18,6,5508,-1
13:54:36,9.18,108,99144,-1
13:54:33,9.18,226,207468,1
13:54:30,9.17,38,34846,-1
13:54:27,9.18,5,4590,1
13:54:21,9.18,15,13770,1
13:54:18,9.17,58,53186,-1
13:54:12,9.18,10,9180,1
13:54:09,9.18,73,67014,1
13:54:06,9.17,40,36680,-1
13:54:03,9.18,114,104652,-1
13:54:00,9.18,52,47736,-1
13:53:57,9.18,12,11016,-1
13:53:54,9.18,32,29376,-1
13:53:48,9.18,390,358020,-1
13:53:42,9.18,10,9180,-1
13:53:39,9.19,29,26651,1
13:53:33,9.19,56,51464,1
13:53:24,9.18,133,122094,-1
13:53:21,9.18,117,107406,-1
13:53:18,9.18,18,16524,-1
13:53:15,9.19,10,9190,1
13:53:12,9.19,301,276637,-1
13:53:09,9.19,1,919,-1
13:53:06,9.19,40,36760,-1
13:53:03,9.19,130,119470,-1
13:52:54,9.19,45,41355,-1
13:52:51,9.19,22,20218,-1
13:52:48,9.19,40,36760,-1
13:52:42,9.19,23,21137,-1
13:52:39,9.19,36,33984,1
13:52:33,9.18,49,44982,-1
13:52:27,9.19,4,3676,1
13:52:21,9.18,20,18360,-1
13:52:18,9.19,329,302351,1
13:52:15,9.18,5,4590,-1
13:52:12,9.18,5,4590,-1
13:52:09,9.18,47,43146,-1
13:52:06,9.18,40,36720,-1
13:52:03,9.18,196,179928,1
13:52:00,9.18,26,23868,-1
13:51:57,9.18,20,18360,-1
13:51:54,9.18,32,29376,-1
13:51:51,9.18,13,11934,-1
13:51:48,9.18,40,36720,-1
13:51:42,9.18,35,32130,1
13:51:39,9.18,10,9180,1
13:51:33,9.17,62,56854,-1
13:51:30,9.18,100,91800,1
13:51:27,9.18,10,9180,1
13:51:24,9.18,20,18360,1
13:51:21,9.18,70,64260,1
13:51:18,9.17,148,135716,-1
13:51:15,9.17,4,3668,-1
13:51:12,9.18,6,5508,1
13:51:06,9.18,42,38556,-1
13:51:03,9.17,54,49518,-1
13:50:54,9.17,32,29344,-1
13:50:48,9.18,31,28458,-1
13:50:45,9.18,30,27540,0
13:50:33,9.17,56,51352,-1
13:50:27,9.18,24,22032,1
13:50:24,9.17,136,124712,-1
13:50:21,9.18,1,918,-1
13:50:18,9.17,58,53186,-1
13:50:15,9.18,28,25704,1
13:50:12,9.18,10,9180,1
13:50:09,9.18,20,18360,1
13:50:06,9.17,623,571291,-1
13:50:03,9.18,45,41310,-1
13:50:00,9.19,50,45950,1
13:49:57,9.19,1,919,1
13:49:54,9.18,32,29376,-1
13:49:48,9.19,194,178286,1
13:49:42,9.19,12,11028,1
13:49:39,9.19,24,22056,1
13:49:36,9.18,5,4590,-1
13:49:33,9.18,40,36720,-1
13:49:27,9.19,70,64330,1
13:49:18,9.18,541,496638,-1
13:49:15,9.18,105,96390,-1
13:49:12,9.18,78,71604,1
13:49:09,9.18,19,17442,1
13:49:06,9.18,100,91800,1
13:49:03,9.18,50,45900,1
13:48:57,9.18,15,13770,1
13:48:54,9.17,70,64190,-1
13:48:51,9.18,20,18360,1
13:48:48,9.18,95,87210,1
13:48:42,9.18,23,21114,1
13:48:39,9.18,202,185436,-1
13:48:36,9.19,4,3676,1
13:48:33,9.18,40,36720,-1
13:48:24,9.18,10,9180,-1
13:48:21,9.19,50,45950,1
13:48:18,9.18,57,52326,-1
13:48:12,9.19,30,27570,1
13:48:06,9.19,77,70763,1
13:48:03,9.18,56,51408,-1
13:47:54,9.18,34,31212,-1
13:47:48,9.18,40,36720,-1
13:47:30,9.19,43,39517,-1
13:47:21,9.19,78,71682,1
13:47:18,9.18,60,55080,-1
13:47:12,9.19,8,7352,1
13:47:09,9.18,100,91800,-1
13:47:06,9.19,51,46869,1
13:47:03,9.19,99,90981,1
13:46:54,9.18,32,29376,-1
13:46:48,9.17,40,36680,-1
13:46:45,9.18,56,51408,1
13:46:36,9.18,24,22032,1
13:46:27,9.18,94,86292,-1
13:46:21,9.19,18,16542,1
13:46:18,9.18,58,53244,-1
13:46:06,9.17,40,36680,-1
13:46:03,9.19,51,46869,1
13:45:54,9.17,32,29344,-1
13:45:48,9.18,97,89046,1
13:45:42,9.18,10,9180,1
13:45:39,9.18,3,2754,1
13:45:36,9.18,29,26622,1
13:45:33,9.17,40,36680,-1
13:45:27,9.17,4,3668,-1
13:45:24,9.18,30,27540,1
13:45:18,9.18,87,79866,1
13:45:15,9.17,10,9170,-1
13:45:09,9.17,68,62356,-1
13:45:06,9.18,96,88128,1
13:45:03,9.17,40,36680,-1
13:45:00,9.17,8,7336,-1
13:44:54,9.17,34,31178,-1
13:44:51,9.18,12,11016,1
13:44:48,9.18,4,3672,1
13:44:45,9.18,5,4590,1
13:44:42,9.17,3,2751,-1
13:44:36,9.17,27,24759,-1
13:44:33,9.17,681,624477,-1
13:44:27,9.19,4,3676,1
13:44:24,9.18,338,310284,-1
13:44:21,9.18,2,1836,-1
13:44:18,9.18,41,37638,-1
13:44:15,9.18,19,17442,-1
13:44:12,9.18,6,5508,-1
13:44:06,9.18,40,36720,-1
13:44:03,9.18,40,36720,-1
13:44:00,9.18,35,32130,-1
13:43:54,9.18,33,30294,-1
13:43:51,9.18,167,153306,-1
13:43:48,9.19,41,37679,1
13:43:45,9.18,8,7344,-1
13:43:39,9.18,20,18360,-1
13:43:36,9.18,6,5508,-1
13:43:33,9.18,40,36720,-1
13:43:27,9.19,1,919,1
13:43:24,9.19,242,222398,-1
13:43:18,9.19,72,66168,-1
13:43:15,9.19,21,19299,-1
13:43:12,9.2,78,71760,1
13:43:09,9.2,10,9200,1
13:43:06,9.19,50,45950,-1
13:43:03,9.19,40,36760,-1
13:42:54,9.2,70,65016,-1
13:42:48,9.2,40,36800,-1
13:42:45,9.2,20,18400,-1
13:42:42,9.2,37,34040,-1
13:42:39,9.2,55,50903,1
13:42:33,9.19,40,36760,-1
13:42:30,9.2,35,32199,1
13:42:27,9.2,6,5520,1
13:42:24,9.2,18,16560,1
13:42:21,9.2,130,120216,-1
13:42:18,9.2,40,36800,-1
13:42:15,9.21,494,455296,1
13:42:12,9.2,89,81880,-1
13:42:09,9.21,29,26709,1
13:42:06,9.21,76,69996,1
13:42:03,9.2,35,32199,-1
13:42:00,9.21,24,22104,1
13:41:57,9.21,51,47569,-1
13:41:54,9.21,32,29472,-1
13:41:51,9.22,11,10142,1
13:41:48,9.22,1016,936752,1
13:41:45,9.21,55,50655,-1
13:41:39,9.21,60,55260,-1
13:41:30,9.21,40,36840,-1
13:41:27,9.21,60,55260,-1
13:41:21,9.21,10,9210,-1
13:41:18,9.21,28,25788,-1
13:41:15,9.21,1054,971056,1
13:41:06,9.2,107,98439,-1
13:41:03,9.21,75,69075,1
13:41:00,9.2,40,36800,-1
13:40:57,9.2,30,27599,-1
13:40:54,9.2,55,50599,-1
13:40:48,9.2,7,6439,-1
13:40:45,9.2,40,36800,-1
13:40:42,9.2,153,140760,-1
13:40:33,9.2,50,46000,-1
13:40:30,9.2,198,183061,1
13:40:24,9.2,1,919,1
13:40:21,9.2,180,165618,-1
13:40:18,9.2,35,32199,-1
13:40:15,9.2,120,110399,-1
13:40:09,9.2,215,197799,-1
13:40:06,9.2,46,42320,-1
13:40:00,9.21,80,73680,1
13:39:54,9.2,404,372581,-1
13:39:51,9.21,20,18420,1
13:39:45,9.2,45,41400,-1
13:39:42,9.2,58,53359,-1
13:39:30,9.2,40,36800,-1
13:39:27,9.2,1,919,-1
13:39:24,9.2,23,21160,1
13:39:21,9.2,27,24839,0
13:39:15,9.2,110,101199,1
13:39:12,9.2,10,9200,0
13:39:06,9.21,899,828577,1
13:39:03,9.2,10,9200,-1
13:39:00,9.2,40,36800,-1
13:38:54,9.2,33,30359,-1
13:38:51,9.2,300,276000,-1
13:38:48,9.2,19,17802,1
13:38:45,9.19,40,36760,-1
13:38:42,9.2,30,27599,1
13:38:36,9.2,100,92000,1
13:38:30,9.19,54,49626,-1
13:38:27,9.19,215,197585,1
13:38:18,9.19,16,14704,1
13:38:15,9.19,563,517397,-1
13:38:12,9.2,16,14719,-1
13:38:06,9.2,362,333040,1
13:38:03,9.19,211,193909,-1
13:38:00,9.19,40,36760,-1
13:37:54,9.19,32,29408,-1
13:37:51,9.2,201,184920,1
13:37:45,9.19,540,496260,1
13:37:36,9.18,30,27540,1
13:37:30,9.17,49,44933,-1
13:37:24,9.17,12,11004,-1
13:37:18,9.18,1,918,1
13:37:15,9.17,21,19257,-1
13:37:12,9.17,2,1834,-1
13:37:06,9.17,68,62356,-1
13:37:00,9.17,126,116440,1
13:36:54,9.17,573,525441,1
13:36:51,9.17,86,78862,1
13:36:48,9.17,9,8253,1
13:36:45,9.16,40,36640,-1
13:36:42,9.17,10,9170,1
13:36:36,9.17,8,7336,1
13:36:33,9.18,45,41328,-1
13:36:30,9.18,472,434195,1
13:36:27,9.17,20,18340,1
13:36:24,9.17,65,59605,1
13:36:21,9.17,2,1834,0
13:36:15,9.16,95,87020,-1
13:36:09,9.17,1,917,1
13:36:06,9.16,72,65952,-1
13:36:00,9.16,60,54960,-1
13:35:57,9.17,26,24685,1
13:35:54,9.17,75,68775,1
13:35:45,9.16,41,37556,-1
13:35:39,9.16,4,3664,-1
13:35:30,9.16,40,36640,0
13:35:24,9.15,6,5490,-1
13:35:21,9.15,24,21960,-1
13:35:18,9.16,48,43968,1
13:35:15,9.16,270,247320,1
13:35:06,9.16,199,182284,-1
13:35:00,9.16,60,54960,-1
13:34:57,9.16,37,33892,1
13:34:54,9.15,32,29280,-1
13:34:51,9.16,10,9160,1
13:34:48,9.16,17,15572,1
13:34:45,9.16,45,41220,1
13:34:42,9.15,99,91463,-1
13:34:39,9.16,3,2748,1
13:34:36,9.16,50,45800,1
13:34:33,9.16,16,14656,-1
13:34:30,9.16,153,140148,-1
13:34:21,9.16,74,67784,-1
13:34:15,9.16,59,54044,-1
13:34:09,9.16,14,12824,-1
13:34:06,9.15,66,60756,-1
13:34:03,9.15,34,31110,-1
13:34:00,9.15,131,119865,-1
13:33:57,9.16,8,7328,1
13:33:54,9.16,42,38472,1
13:33:51,9.16,138,127314,1
13:33:48,9.16,109,99844,1
13:33:45,9.15,57,52155,-1
13:33:42,9.15,12,10980,-1
13:33:39,9.15,104,95160,-1
13:33:30,9.15,50,45750,-1
13:33:27,9.15,8,7320,-1
13:33:21,9.15,27,24705,-1
13:33:18,9.15,11,10065,-1
13:33:15,9.15,59,53985,-1
13:33:12,9.15,1,915,-1
13:33:09,9.15,36,32940,1
13:33:06,9.14,40,36560,-1
13:33:03,9.15,12,10980,1
13:33:00,9.16,50,45800,1
13:32:57,9.15,381,349164,-1
13:32:54,9.15,378,345870,-1
13:32:51,9.16,24,21984,1
13:32:48,9.16,1846,1690936,1
13:32:45,9.15,45,41175,-1
13:32:42,9.16,26,23816,1
13:32:39,9.16,31,28396,0
13:32:36,9.15,34,31110,-1
13:32:33,9.17,1013,928921,1
13:32:30,9.16,40,36640,-1
13:32:24,9.16,53,48548,1
13:32:21,9.16,26,23816,0
13:32:18,9.15,227,207705,-1
13:32:15,9.16,40,36640,-1
13:32:12,9.16,114,104424,-1
13:32:06,9.18,42,38556,1
13:32:03,9.16,1169,1070804,-1
13:32:00,9.17,40,36680,-1
13:31:57,9.17,10,9170,-1
13:31:54,9.17,382,350294,-1
13:31:45,9.17,40,36680,-1
13:31:42,9.17,13,11921,-1
13:31:33,9.17,44,40348,-1
13:31:30,9.17,60,55020,-1
13:31:27,9.17,29,26593,-1
13:31:24,9.18,5,4590,1
13:31:21,9.18,6,5508,1
13:31:15,9.17,58,53186,-1
13:31:09,9.17,10,9170,-1
13:31:06,9.17,40,36680,-1
13:31:00,9.18,40,36720,-1
13:30:54,9.18,83,76194,-1
13:30:51,9.18,49,45165,1
13:30:48,9.18,27,24786,1
13:30:45,9.17,40,36680,-1
13:30:42,9.18,100,91800,1
13:30:36,9.17,46,42182,-1
13:30:33,9.17,2,1834,-1
13:30:30,9.17,52,47684,-1
13:30:27,9.18,283,259794,1
13:30:21,9.18,18,16524,1
13:30:15,9.17,36,33012,-1
13:30:06,9.17,52,47684,-1
13:30:00,9.18,40,36720,-1
13:29:54,9.18,32,29376,-1
13:29:45,9.18,40,36720,-1
13:29:39,9.18,136,124848,-1
13:29:33,9.18,5,4590,-1
13:29:30,9.18,140,128520,-1
13:29:24,9.18,15,13770,-1
13:29:21,9.18,77,70686,-1
13:29:18,9.18,10,9180,1
13:29:15,9.17,59,54103,-1
13:29:12,9.18,20,18360,1
13:29:06,9.18,43,39474,1
13:29:03,9.18,55,50490,1
13:29:00,9.18,6,5508,0
13:28:54,9.17,32,29344,-1
13:28:51,9.18,7,6426,0
13:28:48,9.17,305,279685,-1
13:28:45,9.17,583,534611,-1
13:28:42,9.18,70,64260,1
13:28:39,9.17,92,84364,-1
13:28:36,9.17,203,186151,-1
13:28:33,9.17,16,14672,-1
13:28:30,9.18,150,137700,1
13:28:21,9.18,15,13770,1
13:28:18,9.17,128,117376,-1
13:28:15,9.17,42,38514,-1
13:28:09,9.18,401,368118,-1
13:28:06,9.18,40,36720,-1
13:28:03,9.18,308,282744,-1
13:28:00,9.18,40,36720,-1
13:27:57,9.19,16,14704,1
13:27:54,9.18,32,29376,-1
13:27:51,9.18,250,229500,-1
13:27:48,9.18,120,110160,-1
13:27:45,9.18,213,195534,-1
13:27:42,9.18,12,11016,-1
13:27:36,9.18,787,722466,-1
13:27:33,9.18,50,45900,-1
13:27:30,9.18,40,36720,-1
13:27:27,9.18,16,14688,-1
13:27:21,9.18,275,252450,-1
13:27:18,9.19,133,122227,1
13:27:15,9.18,60,55080,-1
13:27:09,9.19,18,16542,1
13:27:06,9.18,70,64260,-1
13:27:00,9.18,40,36720,-1
13:26:57,9.19,107,98333,1
13:26:54,9.18,32,29376,-1
13:26:51,9.19,1,919,1
13:26:48,9.19,7,6433,1
13:26:45,9.18,40,36720,-1
13:26:42,9.19,7,6433,1
13:26:39,9.19,40,36760,1
13:26:36,9.19,20,18380,1
13:26:33,9.19,105,96495,1
13:26:30,9.18,40,36720,-1
13:26:27,9.18,63,57834,-1
13:26:24,9.18,44,40392,-1
13:26:18,9.18,28,25704,-1
13:26:15,9.19,87,79953,1
13:26:09,9.18,1,918,-1
13:26:06,9.19,43,39517,1
13:26:03,9.19,2,1838,1
13:25:54,9.18,32,29376,-1
13:25:45,9.2,160,147200,0
13:25:33,9.21,232,213672,1
13:25:30,9.2,41,37720,-1
13:25:24,9.2,333,306360,-1
13:25:18,9.2,4,3679,-1
13:25:15,9.2,76,69920,-1
13:25:12,9.2,8,7359,-1
13:25:06,9.2,40,36800,-1
13:25:00,9.21,54,49734,1
13:24:57,9.2,16,14719,-1
13:24:54,9.2,32,29439,-1
13:24:48,9.2,100,92000,-1
13:24:45,9.2,61,56119,-1
13:24:42,9.21,34,31314,1
13:24:39,9.2,99,91080,-1
13:24:33,9.2,10,9200,-1
13:24:30,9.21,50,46050,1
13:24:18,9.21,10,9210,1
13:24:15,9.2,58,53359,-1
13:24:12,9.2,2,1839,-1
13:24:09,9.21,3,2763,1
13:24:06,9.2,40,36800,-1
13:24:00,9.2,40,36800,-1
13:23:57,9.21,5,4605,1
13:23:54,9.2,32,29439,-1
13:23:45,9.21,128,117888,1
13:23:42,9.2,5,4600,-1
13:23:36,9.21,5,4605,1
13:23:33,9.21,11,10131,1
13:23:30,9.2,40,36800,-1
13:23:27,9.21,40,36840,1
13:23:24,9.2,21,19320,-1
13:23:21,9.21,44,40524,1
13:23:18,9.21,100,92100,1
13:23:15,9.2,69,63479,-1
13:23:12,9.21,5,4605,1
13:23:09,9.21,1,921,1
13:23:06,9.21,51,46971,-1
13:23:03,9.21,3,2763,-1
13:23:00,9.21,40,36840,0
13:22:54,9.2,32,29439,-1
13:22:48,9.21,9,8289,1
13:22:45,9.21,41,37761,1
13:22:39,9.2,30,27599,-1
13:22:33,9.2,7,6439,-1
13:22:30,9.21,20,18420,-1
13:22:24,9.21,43,39603,-1
13:22:21,9.21,8,7368,1
13:22:18,9.21,19,17499,1
13:22:15,9.21,63,58023,1
13:22:12,9.21,30,27630,1
13:22:09,9.2,10,9200,-1
13:22:06,9.21,55,50655,1
13:22:03,9.21,60,55260,1
13:22:00,9.21,45,41445,1
13:21:57,9.2,18,16560,-1
13:21:54,9.21,86,79206,1
13:21:48,9.21,30,27630,1
13:21:45,9.2,40,36800,-1
13:21:42,9.2,1,919,-1
13:21:39,9.2,273,251159,1
13:21:33,9.19,53,48707,-1
13:21:24,9.19,10,9190,-1
13:21:18,9.19,28,25732,1
13:21:15,9.18,41,37638,-1
13:21:12,9.18,32,29376,-1
13:21:06,9.19,52,47788,1
13:21:03,9.19,46,42274,1
13:20:54,9.18,32,29376,-1
13:20:48,9.18,3,2754,-1
13:20:45,9.18,50,45900,-1
13:20:42,9.19,1,919,1
13:20:39,9.19,10,9190,1
13:20:33,9.18,3,2754,-1
13:20:30,9.18,11,10098,-1
13:20:27,9.18,40,36720,-1
13:20:21,9.18,10,9180,-1
13:20:18,9.19,32,29408,1
13:20:15,9.18,18,16524,-1
13:20:12,9.18,40,36720,-1
13:20:03,9.18,55,50490,-1
13:20:00,9.19,50,45950,1
13:19:57,9.19,20,18380,1
13:19:54,9.18,34,31212,-1
13:19:51,9.19,26,23894,1
13:19:48,9.18,2,1836,-1
13:19:42,9.18,94,86292,-1
13:19:36,9.18,30,27540,-1
13:19:33,9.18,142,130356,-1
13:19:27,9.19,115,105685,1
13:19:24,9.18,1,918,-1
13:19:21,9.18,128,117504,-1
13:19:15,9.18,88,80784,-1
13:19:06,9.19,5,4595,0
13:19:03,9.18,40,36720,-1
13:18:57,9.18,817,750006,-1
13:18:54,9.2,35,32199,1
13:18:51,9.19,129,118551,-1
13:18:48,9.2,14,12879,1
13:18:45,9.19,7,6433,-1
13:18:42,9.2,3,2760,0
13:18:27,9.19,40,36760,-1
13:18:24,9.21,27,24867,1
13:18:21,9.2,21,19320,1
13:18:15,9.2,23,21160,1
13:18:12,9.2,20,18400,-1
13:18:09,9.2,7,6439,-1
13:18:06,9.21,5,4605,1
13:18:03,9.19,41,37798,-1
13:18:00,9.2,356,328320,-1
13:17:54,9.2,32,29439,-1
13:17:51,9.22,138,127236,1
13:17:48,9.2,28,25759,-1
13:17:45,9.2,50,46000,-1
13:17:42,9.2,86,79120,-1
13:17:39,9.2,21,19320,-1
13:17:33,9.2,11,10120,-1
13:17:27,9.2,40,36800,-1
13:17:24,9.2,30,27599,-1
13:17:18,9.2,8,7359,-1
13:17:15,9.21,40,36840,1
13:17:12,9.2,40,36800,-1
13:17:09,9.21,60,55260,1
13:17:06,9.2,40,36800,-1
13:17:03,9.21,19,17499,1
13:16:57,9.2,40,36800,-1
13:16:54,9.21,42,38682,1
13:16:51,9.21,34,31314,-1
13:16:48,9.21,166,152886,1
13:16:45,9.21,24,22104,1
13:16:42,9.2,52,47839,-1
13:16:36,9.2,6,5520,-1
13:16:30,9.2,70,64399,-1
13:16:27,9.2,40,36800,-1
13:16:24,9.2,41,37720,-1
13:16:18,9.2,152,139959,1
13:16:15,9.19,18,16542,-1
13:16:12,9.19,49,45031,-1
13:16:06,9.2,58,53359,1
13:16:00,9.19,6,5514,-1
13:15:57,9.19,40,36760,-1
13:15:54,9.19,47,43193,-1
13:15:51,9.2,9,8280,1
13:15:48,9.2,1,919,1
13:15:45,9.2,176,162720,-1
13:15:42,9.2,45,41400,-1
13:15:36,9.21,8,7368,1
13:15:30,9.2,90,82800,-1
13:15:27,9.2,40,36800,-1
13:15:21,9.2,164,150880,-1
13:15:18,9.21,28,25788,1
13:15:15,9.2,19,17480,-1
13:15:12,9.2,60,55199,-1
13:15:09,9.2,89,81880,-1
13:15:06,9.2,50,46000,-1
13:15:00,9.21,61,56181,1
13:14:57,9.2,40,36800,-1
13:14:54,9.21,42,38682,1
13:14:51,9.2,19,17480,-1
13:14:48,9.21,34,31314,1
13:14:42,9.21,51,46971,1
13:14:30,9.21,40,36840,1
13:14:27,9.2,40,36800,-1
13:14:21,9.2,1,919,-1
13:14:18,9.21,12,11052,1
13:14:15,9.2,18,16560,-1
13:14:12,9.2,40,36800,-1
13:14:09,9.21,119,109599,1
13:14:06,9.2,40,36800,-1
13:14:03,9.2,8,7359,-1
13:13:57,9.2,58,53359,-1
13:13:54,9.2,32,29439,-1
13:13:42,9.2,40,36800,-1
13:13:39,9.2,40,36800,-1
13:13:30,9.2,4,3679,-1
13:13:27,9.2,40,36800,-1
13:13:24,9.2,548,504279,1
13:13:21,9.19,5,4595,1
13:13:15,9.18,17,15606,-1
13:13:12,9.18,83,76194,-1
13:13:06,9.19,45,41355,1
13:13:03,9.18,101,92718,-1
13:12:57,9.18,54,49572,-1
13:12:54,9.19,57,52383,1
13:12:45,9.19,4,3676,1
13:12:42,9.18,40,36720,-1
13:12:30,9.18,10,9180,-1
13:12:27,9.18,90,82620,-1
13:12:18,9.18,16,14688,1
13:12:15,9.17,39,35763,-1
13:12:12,9.17,40,36680,-1
13:12:09,9.17,11,10087,-1
13:12:06,9.18,20,18360,1
13:12:03,9.17,40,36680,-1
13:12:00,9.17,8,7336,-1
13:11:57,9.17,40,36680,-1
13:11:54,9.17,32,29344,-1
13:11:48,9.18,5,4590,1
13:11:45,9.18,8,7344,1
13:11:42,9.17,52,47684,-1
13:11:33,9.17,58,53186,-1
13:11:27,9.17,50,45850,-1
13:11:24,9.18,21,19278,1
13:11:18,9.18,3,2754,1
13:11:15,9.17,18,16506,-1
13:11:12,9.17,40,36680,-1
13:11:09,9.18,5,4590,1
13:11:06,9.18,5,4590,1
13:11:03,9.17,118,108206,-1
13:10:57,9.17,40,36680,-1
13:10:54,9.17,43,39431,-1
13:10:51,9.17,80,73809,1
13:10:48,9.17,105,96285,1
13:10:45,9.17,21,19257,1
13:10:42,9.16,40,36640,-1
13:10:33,9.17,48,44016,1
13:10:27,9.17,120,110040,1
13:10:24,9.16,12,10992,-1
13:10:18,9.16,10,9160,-1
13:10:15,9.16,70,64120,-1
13:10:12,9.16,40,36640,-1
13:10:09,9.17,33,30261,1
13:10:06,9.15,258,236070,-1
13:10:03,9.15,73,66795,-1
13:10:00,9.16,156,142896,1
13:09:57,9.16,107,98012,1
13:09:54,9.15,72,65880,-1
13:09:51,9.16,58,53128,1
13:09:48,9.16,40,36640,1
13:09:45,9.15,65,59475,-1
13:09:42,9.15,65,59475,-1
13:09:39,9.16,5,4580,1
13:09:36,9.15,50,45750,-1
13:09:33,9.16,77,70532,0
13:09:27,9.15,40,36600,-1
13:09:24,9.17,37,33929,1
13:09:21,9.17,5,4585,1
13:09:18,9.15,101,92415,-1
13:09:15,9.16,86,78776,-1
13:09:12,9.16,70,64120,-1
13:09:09,9.15,146,134120,-1
13:09:06,9.15,92,84180,-1
13:09:03,9.15,91,83265,-1
13:09:00,9.16,2,1832,1
13:08:57,9.15,40,36600,-1
13:08:54,9.15,32,29280,-1
13:08:51,9.16,20,18320,1
13:08:45,9.16,3,2748,1
13:08:42,9.16,255,233964,-1
13:08:33,9.16,727,665932,-1
13:08:30,9.17,21,19257,1
13:08:24,9.17,80,73827,-1
13:08:21,9.17,1,917,-1
13:08:15,9.17,18,16506,-1
13:08:12,9.17,40,36680,-1
13:08:09,9.17,21,19257,-1
13:08:06,9.17,40,36680,-1
13:07:54,9.18,64,58752,-1
13:07:51,9.18,15,13770,-1
13:07:48,9.18,36,33048,-1
13:07:42,9.18,155,142290,-1
13:07:39,9.18,20,18360,-1
13:07:27,9.18,50,45900,-1
13:07:15,9.18,66,60588,-1
13:07:12,9.18,248,227664,1
13:07:06,9.18,10,9180,1
13:07:03,9.17,40,36680,-1
13:07:00,9.17,52,47684,-1
13:06:57,9.18,43,39474,1
13:06:54,9.18,35,32130,1
13:06:51,9.17,124,113708,-1
13:06:48,9.18,28,25704,1
13:06:42,9.17,40,36680,-1
13:06:39,9.17,1,917,-1
13:06:36,9.18,3,2754,1
13:06:27,9.17,60,55020,-1
13:06:24,9.17,10,9170,-1
13:06:18,9.18,2,1836,1
13:06:12,9.17,58,53186,-1
13:06:09,9.17,15,13755,-1
13:06:06,9.18,35,32130,1
13:06:03,9.17,52,47684,-1
13:06:00,9.18,5,4590,1
13:05:57,9.18,90,82620,1
13:05:54,9.17,14,12838,-1
13:05:51,9.17,54,49518,-1
13:05:42,9.17,40,36680,-1
13:05:39,9.18,15,13770,1
13:05:27,9.18,41,37638,1
13:05:21,9.18,4,3672,1
13:05:12,9.17,59,54103,-1
13:05:09,9.17,1,917,-1
13:05:03,9.17,60,55020,-1
13:04:57,9.17,28,25676,-1
13:04:51,9.17,43,39431,-1
13:04:48,9.18,69,63342,-1
13:04:42,9.18,20,18360,-1
13:04:30,9.18,42,38556,1
13:04:21,9.18,16,14688,1
13:04:18,9.17,11,10087,-1
13:04:15,9.18,38,34884,0
13:04:03,9.17,40,36680,-1
13:04:00,9.19,2,1838,1
13:03:54,9.18,32,29376,0
13:03:42,9.17,31,28427,-1
13:03:36,9.17,14,13287,1
13:03:33,9.16,106,97123,-1
13:03:30,9.17,55,50435,1
13:03:27,9.16,3,2748,-1
13:03:21,9.16,60,54960,-1
13:03:18,9.17,2,1834,1
13:03:15,9.16,24,21984,-1
13:03:12,9.16,9,8244,-1
13:03:06,9.16,18,16488,-1
13:03:03,9.16,90,82943,1
13:03:00,9.16,56,51296,1
13:02:57,9.16,113,103508,1
13:02:54,9.16,338,309608,1
13:02:48,9.16,14,12824,1
13:02:45,9.16,130,119080,1
13:02:42,9.16,5,4580,1
13:02:39,9.16,390,357652,-1
13:02:33,9.17,2,1834,1
13:02:30,9.17,10,9637,-1
13:02:27,9.17,19,17872,1
13:02:18,9.17,10,9170,1
13:02:15,9.16,320,293120,-1
13:02:12,9.16,10,9160,-1
13:02:06,9.16,40,36640,-1
13:02:03,9.16,71,65036,-1
13:02:00,9.17,52,47684,1
13:01:54,9.16,32,29312,-1
13:01:51,9.16,72,65952,-1
13:01:48,9.16,10,9160,-1
13:01:36,9.17,10,9170,1
13:01:33,9.16,500,458000,-1
13:01:30,9.16,30,27480,-1
13:01:27,9.17,30,27510,1
13:01:21,9.16,12,10992,-1
13:01:18,9.17,22,20174,1
13:01:15,9.16,1,916,-1
13:01:12,9.16,347,317852,-1
13:01:09,9.17,106,97202,1
13:01:06,9.16,7,6412,-1
13:01:03,9.16,40,36640,-1
13:01:00,9.16,54,49464,-1
13:00:57,9.17,89,81613,1
13:00:54,9.16,5,4580,-1
13:00:51,9.16,32,29312,-1
13:00:48,9.17,300,275100,1
13:00:45,9.17,3,2751,1
13:00:42,9.16,1,916,-1
13:00:39,9.16,29,27067,-1
13:00:33,9.16,98,89768,-1
13:00:30,9.16,64,58624,-1
13:00:27,9.16,534,489144,-1
13:00:21,9.16,1,916,-1
13:00:18,9.16,19,17404,-1
13:00:09,9.17,1665,1527272,-1
13:00:06,9.18,1375,1262259,-1
13:00:03,9.19,422,387818,1
11:30:03,9.18,70,64260,-1
11:30:00,9.18,1,918,-1
11:29:57,9.18,40,36720,-1
11:29:54,9.18,32,29376,-1
11:29:48,9.18,34,31212,-1
11:29:42,9.18,41,37638,-1
11:29:39,9.18,85,78030,-1
11:29:33,9.18,289,265742,1
11:29:30,9.18,6,5508,1
11:29:27,9.17,40,36680,-1
11:29:24,9.18,24,22032,1
11:29:18,9.18,48,44541,-1
11:29:15,9.18,18,16524,-1
11:29:12,9.18,140,128520,-1
11:29:09,9.18,52,47736,-1
11:29:06,9.18,11,10281,-1
11:29:03,9.18,70,64260,-1
11:28:57,9.18,106,97565,-1
11:28:54,9.18,32,29376,-1
11:28:51,9.18,82,75276,0
11:28:42,9.17,145,132965,-1
11:28:39,9.18,550,504900,1
11:28:36,9.17,10,9170,-1
11:28:33,9.17,56,51352,-1
11:28:27,9.18,10,9180,1
11:28:24,9.17,39,35763,-1
11:28:21,9.18,72,66756,-1
11:28:18,9.18,59,54162,-1
11:28:15,9.18,18,16524,-1
11:28:12,9.18,64,58752,-1
11:28:09,9.18,326,299268,-1
11:28:06,9.18,41,37638,-1
11:28:03,9.18,89,81702,-1
11:27:57,9.18,40,36720,-1
11:27:54,9.18,522,479196,-1
11:27:48,9.18,41,37638,-1
11:27:45,9.18,22,20196,-1
11:27:42,9.18,40,36720,-1
11:27:39,9.19,30,27570,1
11:27:36,9.18,139,127602,-1
11:27:30,9.18,51,46818,-1
11:27:27,9.18,40,36720,-1
11:27:21,9.18,171,156978,-1
11:27:15,9.18,19,17442,-1
11:27:12,9.19,60,55140,1
11:27:03,9.18,40,36720,-1
11:27:00,9.19,11,10109,1
11:26:57,9.18,40,36720,-1
11:26:54,9.19,5,4595,1
11:26:51,9.18,52,47736,-1
11:26:48,9.19,7,6433,1
11:26:45,9.18,56,51408,-1
11:26:42,9.18,49,44982,-1
11:26:39,9.19,33,30327,1
11:26:33,9.18,1,918,-1
11:26:30,9.18,109,100062,-1
11:26:27,9.18,47,43146,-1
11:26:24,9.19,80,73520,1
11:26:18,9.19,38,34922,1
11:26:15,9.19,11,10109,0
11:26:12,9.18,66,61496,-1
11:26:09,9.19,482,442958,1
11:26:06,9.18,57,52326,-1
11:26:03,9.19,41,37679,1
11:26:00,9.18,2,1836,-1
11:25:57,9.19,560,514640,1
11:25:51,9.18,46,42228,-1
11:25:48,9.18,310,284580,-1
11:25:45,9.18,1,918,-1
11:25:42,9.18,192,176256,-1
11:25:39,9.19,42,38598,1
11:25:36,9.19,5,4595,1
11:25:33,9.19,1,919,1
11:25:30,9.19,1,919,1
11:25:27,9.19,60,55140,1
11:25:21,9.18,1,918,-1
11:25:15,9.19,29,26651,1
11:25:12,9.18,775,711450,-1
11:25:03,9.19,140,128660,-1
11:25:00,9.19,1,919,-1
11:24:57,9.19,54,49626,-1
11:24:51,9.19,37,34003,-1
11:24:45,9.2,22,20240,1
11:24:42,9.19,41,37679,-1
11:24:36,9.2,1,919,1
11:24:27,9.19,40,36760,-1
11:24:21,9.2,50,46000,1
11:24:18,9.2,50,46000,1
11:24:12,9.19,58,53302,-1
11:24:09,9.2,50,46000,1
11:24:06,9.2,40,36800,1
11:24:03,9.19,232,213208,-1
11:24:00,9.2,40,36800,1
11:23:57,9.19,40,36760,-1
11:23:54,9.19,47,43193,-1
11:23:51,9.2,20,18400,1
11:23:42,9.19,46,42274,-1
11:23:39,9.19,45,41355,-1
11:23:30,9.2,5,4600,1
11:23:27,9.19,40,36760,-1
11:23:24,9.2,1,919,1
11:23:21,9.2,10,9200,1
11:23:18,9.2,42,38640,1
11:23:15,9.19,2,1838,-1
11:23:12,9.19,59,54221,-1
11:23:09,9.19,10,9190,-1
11:23:06,9.2,17,15639,1
11:23:03,9.2,137,126039,1
11:23:00,9.2,20,18400,1
11:22:57,9.19,40,36760,-1
11:22:54,9.19,119,109361,-1
11:22:51,9.19,6,5514,-1
11:22:48,9.2,4,3679,1
11:22:42,9.19,40,36760,-1
11:22:39,9.2,29,26679,1
11:22:36,9.19,5,4595,-1
11:22:30,9.19,1,919,-1
11:22:27,9.19,40,36760,-1
11:22:24,9.19,2,1838,-1
11:22:12,9.19,58,53302,-1
11:22:03,9.19,51,46869,-1
11:22:00,9.2,15,13799,1
11:21:57,9.2,10,9200,1
11:21:54,9.2,168,154560,-1
11:21:45,9.2,52,47839,-1
11:21:42,9.2,40,36800,-1
11:21:36,9.2,16,14719,-1
11:21:33,9.2,14,12879,-1
11:21:27,9.2,60,55199,-1
11:21:15,9.2,17,15639,-1
11:21:09,9.2,40,36800,-1
11:21:03,9.19,42,38598,-1
11:21:00,9.21,249,229329,1
11:20:57,9.2,40,36800,1
11:20:54,9.2,35,32199,-1
11:20:48,9.21,164,151044,1
11:20:45,9.2,10,9200,-1
11:20:39,9.2,72,66240,1
11:20:36,9.2,5,4600,1
11:20:33,9.19,20,18380,-1
11:20:30,9.2,3,2760,1
11:20:27,9.2,10,9200,0
11:20:12,9.19,19,17461,-1
11:20:09,9.19,40,36760,-1
11:20:06,9.2,24,22080,1
11:20:03,9.19,40,36760,-1
11:20:00,9.2,10,9200,1
11:19:57,9.2,10,9200,1
11:19:54,9.2,93,85560,-1
11:19:45,9.2,2,1839,-1
11:19:42,9.2,147,135240,1
11:19:39,9.19,73,67087,-1
11:19:36,9.19,157,144283,-1
11:19:33,9.19,133,122227,-1
11:19:27,9.19,39,35841,-1
11:19:24,9.19,40,36760,-1
11:19:21,9.2,23,21160,1
11:19:15,9.2,41,37720,1
11:19:12,9.19,30,27570,-1
11:19:09,9.19,60,55140,-1
11:19:06,9.2,16,14719,1
11:19:03,9.19,40,36760,-1
11:19:00,9.2,57,52439,0
11:18:51,9.19,45,41355,-1
11:18:45,9.21,10,9210,-1
11:18:42,9.21,879,809559,1
11:18:39,9.2,44,40480,1
11:18:36,9.2,10,9200,1
11:18:27,9.19,13,11947,-1
11:18:24,9.19,41,37679,-1
11:18:12,9.19,19,17461,-1
11:18:09,9.19,40,36760,-1
11:18:03,9.19,40,36760,-1
11:18:00,9.2,20,18400,1
11:17:57,9.19,84,77196,-1
11:17:54,9.19,290,266510,-1
11:17:48,9.19,49,45031,-1
11:17:39,9.19,40,36760,-1
11:17:36,9.19,122,112118,-1
11:17:33,9.2,2,1839,1
11:17:30,9.19,59,54221,1
11:17:27,9.19,116,106604,1
11:17:24,9.2,870,800399,1
11:17:15,9.2,8,7359,1
11:17:12,9.19,30,27570,-1
11:17:09,9.19,101,92819,-1
11:17:06,9.2,44,40480,1
11:17:03,9.19,46,42274,-1
11:17:00,9.2,100,92000,1
11:16:54,9.19,269,247211,-1
11:16:51,9.19,77,70763,-1
11:16:45,9.2,30,27599,1
11:16:42,9.19,66,60654,-1
11:16:39,9.19,40,36760,0
11:16:36,9.18,50,45900,-1
11:16:33,9.19,67,61573,1
11:16:30,9.19,28,25732,1
11:16:24,9.18,40,36720,-1
11:16:21,9.19,30,27836,1
11:16:15,9.19,39,35841,1
11:16:12,9.18,506,465159,-1
11:16:09,9.2,46,42320,1
11:16:03,9.19,67,61573,-1
11:16:00,9.19,71,65515,-1
11:15:57,9.19,95,87305,1
11:15:54,9.18,563,516834,-1
11:15:51,9.18,66,60588,-1
11:15:48,9.19,3,2757,1
11:15:45,9.18,16,14688,-1
11:15:42,9.18,328,301104,-1
11:15:39,9.18,412,378216,-1
11:15:36,9.18,255,234090,-1
11:15:33,9.19,3,2757,1
11:15:30,9.18,24,22032,-1
11:15:27,9.18,545,500310,-1
11:15:24,9.19,199,182881,1
11:15:21,9.19,6,5514,1
11:15:18,9.18,25,22950,-1
11:15:15,9.18,160,146880,-1
11:15:12,9.18,69,63342,-1
11:15:09,9.19,108,99252,1
11:15:06,9.19,128,117632,1
11:15:03,9.18,106,97308,-1
11:15:00,9.19,908,834452,-1
11:14:57,9.2,177,162840,1
11:14:54,9.19,340,312460,-1
11:14:51,9.19,151,138769,-1
11:14:48,9.2,92,84640,1
11:14:45,9.19,80,73520,-1
11:14:42,9.19,70,64330,-1
11:14:39,9.19,105,96495,-1
11:14:36,9.2,5,4600,1
11:14:33,9.2,30,27599,1
11:14:30,9.2,515,473799,-1
11:14:27,9.2,323,297160,-1
11:14:24,9.2,732,673440,-1
11:14:21,9.2,183,168360,-1
11:14:18,9.2,606,557520,-1
11:14:15,9.2,24,22080,-1
11:14:12,9.2,2103,1934759,-1
11:14:09,9.21,127,116967,-1
11:14:06,9.21,308,283668,-1
11:14:03,9.21,544,501024,-1
11:14:00,9.21,558,513918,-1
11:13:57,9.22,933,860226,-1
11:13:54,9.23,1,923,1
11:13:51,9.22,881,812282,-1
11:13:48,9.24,1,924,1
11:13:39,9.23,44,40612,-1
11:13:24,9.23,40,36920,-1
11:13:21,9.24,5,4620,1
11:13:15,9.23,15,13845,-1
11:13:12,9.24,49,45276,1
11:13:09,9.23,167,154141,-1
11:13:03,9.24,45,41580,1
11:12:54,9.24,41,37884,1
11:12:51,9.23,32,29536,-1
11:12:48,9.23,61,56303,-1
11:12:39,9.23,46,42458,-1
11:12:24,9.23,40,36920,-1
11:12:21,9.23,55,50765,-1
11:12:18,9.23,20,18460,-1
11:12:15,9.23,100,92300,-1
11:12:12,9.23,18,16614,-1
11:12:09,9.24,50,46200,1
11:12:06,9.23,10,9230,-1
11:12:03,9.23,40,36920,-1
11:12:00,9.23,2,1846,-1
11:11:57,9.23,1,923,-1
11:11:54,9.23,40,36920,-1
11:11:51,9.23,32,29536,-1
11:11:45,9.24,11,10164,1
11:11:39,9.23,40,36920,-1
11:11:33,9.24,35,32340,1
11:11:30,9.24,5,4620,1
11:11:27,9.24,3,2772,1
11:11:24,9.23,40,36920,-1
11:11:18,9.24,18,16632,-1
11:11:12,9.24,20,18480,1
11:11:09,9.24,37,34188,-1
11:11:06,9.25,116,107300,1
11:11:03,9.24,41,37884,-1
11:11:00,9.24,10,9240,-1
11:10:54,9.25,57,52725,1
11:10:51,9.24,56,51744,-1
11:10:42,9.24,11,10164,-1
11:10:39,9.24,42,38808,-1
11:10:36,9.24,12,11088,-1
11:10:30,9.24,58,53592,1
11:10:27,9.23,10,9230,-1
11:10:24,9.23,83,76609,-1
11:10:15,9.23,436,402428,-1
11:10:12,9.23,68,62764,-1
11:10:09,9.24,45,41580,1
11:10:03,9.23,70,64610,-1
11:10:00,9.23,22,20306,-1
11:09:57,9.23,4,3692,1
11:09:54,9.22,272,250784,-1
11:09:51,9.22,32,29504,-1
11:09:45,9.22,41,37802,-1
11:09:39,9.22,43,39646,-1
11:09:36,9.22,7,6454,-1
11:09:33,9.22,259,238798,-1
11:09:30,9.22,189,174258,-1
11:09:24,9.22,45,41490,-1
11:09:21,9.22,310,285820,-1
11:09:18,9.23,143,131989,-1
11:09:15,9.23,15,13845,-1
11:09:12,9.23,17,15691,-1
11:09:09,9.23,40,36920,-1
11:09:06,9.24,300,277200,1
11:09:03,9.23,56,51688,-1
11:08:57,9.24,20,18480,1
11:08:54,9.23,40,36920,-1
11:08:51,9.24,199,183876,1
11:08:39,9.24,90,83160,0
11:08:24,9.23,177,163371,-1
11:08:21,9.24,220,203280,1
11:08:18,9.24,129,119196,1
11:08:15,9.24,39,36036,1
11:08:12,9.23,69,63687,-1
11:08:09,9.23,40,36920,-1
11:08:03,9.23,40,36920,-1
11:08:00,9.23,15,13845,-1
11:07:57,9.24,10,9240,1
11:07:54,9.23,80,73840,-1
11:07:51,9.23,32,29536,-1
11:07:48,9.23,88,81224,1
11:07:45,9.23,14,12922,1
11:07:42,9.22,42,38724,-1
11:07:39,9.22,132,121704,-1
11:07:36,9.22,1,922,-1
11:07:33,9.23,16,14768,1
11:07:30,9.23,4,3692,1
11:07:27,9.22,94,86668,-1
11:07:24,9.22,30,27660,-1
11:07:18,9.22,65,59930,-1
11:07:15,9.24,82,75768,1
11:07:12,9.23,115,106145,1
11:07:09,9.22,45,41490,-1
11:07:06,9.23,10,9230,1
11:07:03,9.23,50,46150,1
11:07:00,9.22,1,922,-1
11:06:57,9.23,13,11999,1
11:06:54,9.23,10,9230,-1
11:06:51,9.24,45,41580,1
11:06:48,9.23,69,63687,-1
11:06:45,9.23,11,10153,-1
11:06:42,9.23,8,7384,-1
11:06:39,9.23,277,255671,-1
11:06:36,9.23,5,4615,-1
11:06:24,9.23,40,36920,-1
11:06:21,9.23,10,9230,-1
11:06:15,9.23,2,1846,0
11:06:12,9.22,17,15674,-1
11:06:09,9.22,42,38724,-1
11:06:03,9.22,40,36880,-1
11:05:54,9.23,38,35074,-1
11:05:51,9.23,36,33228,-1
11:05:48,9.23,24,22152,-1
11:05:45,9.23,20,18460,1
11:05:39,9.22,52,47944,-1
11:05:36,9.23,60,55380,1
11:05:33,9.22,49,45178,-1
11:05:27,9.23,50,46150,1
11:05:24,9.22,40,36880,-1
11:05:21,9.23,5,4615,1
11:05:18,9.23,2,1846,1
11:05:15,9.23,120,110760,-1
11:05:12,9.23,18,16614,-1
11:05:09,9.24,40,36960,-1
11:05:06,9.24,17,15708,1
11:05:03,9.23,40,36920,-1
11:04:57,9.23,76,70148,0
11:04:54,9.22,156,143832,-1
11:04:51,9.22,32,29504,-1
11:04:48,9.22,64,59008,-1
11:04:45,9.22,6,5532,-1
11:04:42,9.22,32,29504,-1
11:04:39,9.22,514,473908,-1
11:04:36,9.23,436,402428,-1
11:04:30,9.23,62,57226,-1
11:04:27,9.23,106,97838,-1
11:04:24,9.24,55,50820,0
11:04:21,9.23,2000,1846000,-1
11:04:12,9.24,18,16632,-1
11:04:09,9.24,40,36960,-1
11:04:03,9.24,40,36960,-1
11:03:54,9.24,40,36960,-1
11:03:51,9.24,32,29568,-1
11:03:45,9.24,42,38808,-1
11:03:39,9.25,136,125800,1
11:03:36,9.24,42,38808,-1
11:03:24,9.24,40,36960,-1
11:03:12,9.24,19,17556,-1
11:03:09,9.25,2,1850,0
11:03:06,9.24,23,21252,-1
11:03:03,9.24,40,36960,-1
11:03:00,9.25,40,37000,1
11:02:57,9.25,14,12950,1
11:02:54,9.24,40,36960,-1
11:02:51,9.24,62,57288,-1
11:02:48,9.25,50,46250,1
11:02:39,9.25,30,27750,-1
11:02:30,9.25,58,53650,-1
11:02:24,9.26,45,41670,1
11:02:18,9.26,5,4630,1
11:02:15,9.26,5,4630,1
11:02:12,9.25,18,16650,-1
11:02:09,9.26,42,38892,1
11:02:06,9.26,11,10186,1
11:02:03,9.25,54,49950,-1
11:01:54,9.24,40,36960,-1
11:01:51,9.24,49,45276,-1
11:01:45,9.25,3,2775,1
11:01:39,9.24,40,36960,-1
11:01:30,9.25,55,50875,1
11:01:24,9.24,40,36960,-1
11:01:15,9.25,1,925,1
11:01:12,9.24,28,25872,-1
11:01:09,9.24,165,152460,-1
11:01:03,9.25,50,46250,1
11:00:54,9.24,50,46200,-1
11:00:51,9.24,32,29568,-1
11:00:48,9.25,16,14800,-1
11:00:42,9.25,18,16650,-1
11:00:39,9.25,40,37000,-1
11:00:36,9.25,1,925,-1
11:00:30,9.25,17,15725,1
11:00:27,9.25,224,207200,1
11:00:24,9.24,40,36960,-1
11:00:12,9.25,21,19425,1
11:00:09,9.24,77,71148,-1
11:00:03,9.24,55,50820,-1
11:00:00,9.25,13,12025,1
10:59:57,9.24,6,5544,-1
10:59:54,9.24,131,121044,-1
10:59:51,9.24,32,29568,-1
10:59:48,9.24,188,173712,-1
10:59:42,9.25,700,647500,1
10:59:39,9.24,40,36960,-1
10:59:30,9.24,277,255948,-1
10:59:24,9.25,40,37000,-1
10:59:18,9.25,77,71225,-1
10:59:12,9.25,47,43475,1
10:59:09,9.25,30,27750,0
10:59:03,9.25,54,49950,-1
10:58:57,9.25,17,15725,-1
10:58:54,9.26,57,52782,1
10:58:51,9.25,82,75850,-1
10:58:42,9.25,183,169275,1
10:58:39,9.24,40,36960,-1
10:58:24,9.25,9,8325,1
10:58:21,9.24,40,36960,-1
10:58:12,9.25,40,37000,1
10:58:09,9.25,8,7400,1
10:58:06,9.24,40,36960,-1
10:58:03,9.25,50,46250,1
10:57:51,9.24,32,29568,-1
10:57:48,9.24,93,85932,-1
10:57:42,9.25,100,92500,-1
10:57:39,9.25,51,47175,-1
10:57:36,9.25,68,62900,-1
10:57:30,9.25,37,34225,-1
10:57:27,9.25,1,925,-1
10:57:21,9.25,59,54575,-1
10:57:15,9.25,2,1850,-1
10:57:12,9.25,17,15725,-1
10:57:09,9.25,7,6475,-1
10:57:06,9.25,91,84175,-1
10:57:03,9.25,40,37000,-1
10:56:54,9.25,10,9250,-1
10:56:51,9.25,73,67525,-1
10:56:42,9.25,20,18500,-1
10:56:39,9.26,150,138900,1
10:56:36,9.25,45,41625,-1
10:56:33,9.25,10,9250,-1
10:56:27,9.25,55,50875,-1
10:56:24,9.25,11,10175,-1
10:56:21,9.25,75,69375,-1
10:56:15,9.25,1,925,-1
10:56:12,9.26,21,19446,1
10:56:06,9.25,40,37000,-1
10:56:03,9.25,40,37000,-1
10:55:51,9.25,72,66600,-1
10:55:48,9.26,20,18520,1
10:55:42,9.25,71,65675,-1
10:55:36,9.25,40,37000,-1
10:55:33,9.26,10,9260,1
10:55:30,9.25,100,92500,-1
10:55:27,9.26,17,15742,1
10:55:21,9.25,40,37000,-1
10:55:12,9.25,18,16650,-1
10:55:06,9.25,276,255300,-1
10:55:03,9.25,40,37000,-1
10:55:00,9.26,10,9260,1
10:54:57,9.26,11,10186,1
10:54:51,9.25,72,66600,-1
10:54:48,9.26,82,75932,1
10:54:45,9.26,30,27780,1
10:54:42,9.25,105,97125,-1
10:54:39,9.26,57,52782,1
10:54:36,9.25,40,37000,-1
10:54:30,9.26,120,111120,1
10:54:24,9.26,100,92600,1
10:54:21,9.25,100,92500,-1
10:54:15,9.26,46,42596,1
10:54:12,9.25,19,17575,-1
10:54:09,9.26,25,23150,1
10:54:06,9.25,88,81400,-1
10:54:03,9.25,40,37000,-1
10:54:00,9.26,1,926,1
10:53:54,9.26,60,55560,1
10:53:51,9.25,72,66600,-1
10:53:45,9.26,20,18520,1
10:53:36,9.25,227,209975,-1
10:53:33,9.25,1,925,-1
10:53:30,9.26,20,18520,1
10:53:21,9.25,40,37000,-1
10:53:18,9.26,3,2778,1
10:53:15,9.26,51,47226,1
10:53:12,9.25,18,16650,-1
10:53:09,9.26,50,46300,1
10:53:06,9.25,51,47175,-1
10:53:03,9.25,40,37000,-1
10:53:00,9.26,10,9260,1
10:52:57,9.26,5,4630,1
10:52:54,9.26,23,21298,1
10:52:51,9.25,81,74925,-1
10:52:48,9.26,78,72228,1
10:52:42,9.26,492,455592,1
10:52:39,9.26,16,14816,1
10:52:36,9.26,45,41670,1
10:52:33,9.26,74,68524,1
10:52:30,9.26,35,32410,1
10:52:21,9.25,50,46250,-1
10:52:18,9.25,16,14800,-1
10:52:12,9.26,48,44448,1
10:52:09,9.25,3,2775,-1
10:52:06,9.25,47,43475,-1
10:52:03,9.26,364,337064,1
10:52:00,9.25,1,925,-1
10:51:57,9.25,5,4625,-1
10:51:51,9.25,152,140600,-1
10:51:39,9.25,35,32375,1
10:51:36,9.25,73,67525,1
10:51:33,9.25,15,13875,1
10:51:30,9.25,26,24050,1
10:51:27,9.25,10,9250,1
10:51:24,9.25,300,277500,1
10:51:21,9.24,40,36960,-1
10:51:12,9.24,18,16632,-1
10:51:09,9.24,256,236544,1
10:51:06,9.23,55,50765,-1
10:51:03,9.23,69,63687,-1
10:51:00,9.24,131,121044,1
10:50:57,9.24,100,92400,1
10:50:51,9.23,252,232596,-1
10:50:48,9.23,1,923,-1
10:50:45,9.24,10,9240,1
10:50:42,9.23,103,95069,-1
10:50:39,9.23,43,39689,-1
10:50:36,9.23,99,91377,-1
10:50:33,9.24,7,6468,1
10:50:30,9.24,10,9240,0
10:50:27,9.23,200,184600,-1
10:50:21,9.24,50,46200,-1
10:50:12,9.23,17,15691,-1
10:50:09,9.25,3,2775,1
10:50:06,9.23,97,89531,-1
10:50:03,9.24,81,74844,0
10:49:54,9.23,113,104299,-1
10:49:51,9.24,64,59136,0
10:49:48,9.23,542,500266,-1
10:49:42,9.24,95,87780,0
10:49:36,9.23,300,276900,-1
10:49:33,9.24,10,10145,1
10:49:30,9.24,60,55440,1
10:49:27,9.23,4,3692,-1
10:49:24,9.24,13,12012,1
10:49:21,9.24,20,18480,0
10:49:18,9.23,107,98761,-1
10:49:09,9.23,87,80301,-1
10:49:06,9.25,85,78625,-1
10:49:03,9.25,48,44400,1
10:49:00,9.25,33,30525,1
10:48:57,9.23,773,713479,-1
10:48:51,9.24,32,29568,-1
10:48:48,9.26,528,488928,1
10:48:42,9.25,107,98975,-1
10:48:36,9.25,40,37000,-1
10:48:30,9.25,22,21228,1
10:48:27,9.25,36,33346,-1
10:48:24,9.25,17,15725,-1
10:48:21,9.25,43,40653,1
10:48:09,9.24,40,37006,-1
10:48:06,9.26,66,61116,0
10:48:03,9.25,125,115625,-1
10:47:57,9.25,346,320050,-1
10:47:51,9.26,645,598149,1
10:47:48,9.24,789,729036,-1
10:47:45,9.26,5,4630,1
10:47:39,9.26,70,64820,1
10:47:36,9.24,140,129360,-1
10:47:27,9.26,307,284282,1
10:47:24,9.25,321,296925,-1
10:47:21,9.25,40,37000,-1
10:47:18,9.25,10,9250,-1
10:47:12,9.25,1,925,-1
10:47:09,9.25,19,17575,-1
10:47:06,9.25,60,55500,-1
10:47:03,9.26,84,77784,1
10:47:00,9.26,92,85192,1
10:46:54,9.26,245,226870,1
10:46:51,9.25,72,66600,0
10:46:48,9.24,500,462000,-1
10:46:45,9.26,20,18520,1
10:46:42,9.25,1,925,-1
10:46:36,9.25,40,37000,-1
10:46:33,9.25,2,1850,-1
10:46:30,9.25,14,12950,-1
10:46:21,9.25,40,37000,-1
10:46:18,9.26,50,46300,1
10:46:15,9.25,544,503200,-1
10:46:12,9.25,51,47175,-1
10:46:09,9.25,207,191475,-1
10:46:06,9.25,121,111925,-1
10:46:03,9.26,50,46300,1
10:46:00,9.25,23,21275,-1
10:45:57,9.25,113,104525,-1
10:45:54,9.25,185,171125,-1
10:45:51,9.25,84,77700,-1
10:45:48,9.25,500,462500,-1
10:45:42,9.25,50,46250,-1
10:45:39,9.25,34,31450,-1
10:45:36,9.25,52,48100,-1
10:45:33,9.25,26,24050,-1
10:45:30,9.26,148,137048,1
10:45:27,9.25,31,28675,-1
10:45:24,9.26,51,47226,1
10:45:21,9.25,66,61050,-1
10:45:18,9.25,46,42550,-1
10:45:15,9.25,10,9250,0
10:45:09,9.24,29,26796,-1
10:45:06,9.26,50,46300,1
10:45:03,9.24,146,134904,-1
10:45:00,9.25,25,23125,1
10:44:57,9.25,37,34225,1
10:44:54,9.25,33,30571,-1
10:44:51,9.25,102,94350,-1
10:44:48,9.26,622,575972,1
10:44:42,9.25,102,94350,-1
10:44:39,9.25,47,43475,-1
10:44:36,9.25,40,37000,-1
10:44:33,9.26,4,3704,1
10:44:30,9.26,69,63894,1
10:44:27,9.26,62,57412,1
10:44:21,9.25,50,46250,-1
10:44:15,9.26,2,1852,1
10:44:12,9.26,24,22224,1
10:44:09,9.26,17,15742,1
10:44:06,9.26,131,121306,-1
10:44:03,9.26,102,94452,-1
10:43:57,9.26,49,45374,-1
10:43:51,9.26,168,155568,-1
10:43:45,9.27,10,9270,1
10:43:42,9.27,30,27810,1
10:43:39,9.26,20,18520,-1
10:43:36,9.26,135,125010,-1
10:43:21,9.26,61,56486,-1
10:43:09,9.26,57,52782,-1
10:43:06,9.27,2,1854,0
10:43:03,9.26,140,129640,-1
10:43:00,9.27,1,927,-1
10:42:54,9.27,50,46350,1
10:42:51,9.26,72,66672,-1
10:42:48,9.26,2,1852,-1
10:42:45,9.26,6,5556,-1
10:42:39,9.27,38,35226,1
10:42:36,9.26,40,37040,-1
10:42:24,9.26,24,22224,1
10:42:21,9.26,22,20372,-1
10:42:15,9.28,229,212511,1
10:42:09,9.26,18,16668,0
10:42:03,9.25,940,869500,-1
10:42:00,9.28,1,927,1
10:41:57,9.27,11,10197,-1
10:41:51,9.28,41,38048,1
10:41:45,9.27,15,13905,-1
10:41:42,9.28,22,20416,1
10:41:39,9.28,30,27839,1
10:41:18,9.28,5,4640,1
10:41:15,9.28,20,18560,1
10:41:09,9.27,19,17613,0
10:41:03,9.26,440,407440,-1
10:41:00,9.28,25,23200,1
10:40:51,9.27,32,29664,-1
10:40:48,9.28,10,9280,1
10:40:39,9.28,25,23200,1
10:40:30,9.28,10,9280,1
10:40:27,9.27,48,44496,-1
10:40:18,9.27,6,5562,-1
10:40:09,9.27,19,17613,0
10:40:06,9.26,20,18520,-1
10:40:03,9.25,442,408850,-1
10:39:51,9.26,32,29632,-1
10:39:48,9.26,505,467630,-1
10:39:45,9.26,199,184274,-1
10:39:42,9.27,11,10197,1
10:39:36,9.26,150,138900,-1
10:39:30,9.26,157,145382,-1
10:39:27,9.27,2,1854,0
10:39:12,9.25,500,462500,-1
10:39:09,9.25,24,22200,-1
10:39:03,9.25,440,407000,-1
10:39:00,9.25,26,24050,-1
10:38:57,9.25,134,123950,-1
10:38:51,9.25,32,29600,-1
10:38:45,9.26,150,138900,-1
10:38:42,9.26,3,2778,-1
10:38:39,9.26,1,926,-1
10:38:36,9.26,56,52735,1
10:38:33,9.26,175,162096,-1
10:38:30,9.26,140,130519,-1
10:38:27,9.27,20,18540,1
10:38:24,9.27,6,5562,1
10:38:09,9.27,157,145539,1
10:38:06,9.26,1,926,-1
10:38:03,9.26,440,407440,-1
10:38:00,9.27,10,9270,1
10:37:57,9.27,30,27810,1
10:37:54,9.27,46,42642,1
10:37:51,9.26,32,29632,-1
10:37:42,9.26,5,4630,-1
10:37:36,9.27,58,53766,1
10:37:30,9.27,19,17613,1
10:37:21,9.26,11,10186,-1
10:37:18,9.27,18,16686,0
10:37:09,9.25,738,682650,-1
10:37:03,9.26,440,407440,-1
10:36:57,9.26,59,54634,-1
10:36:54,9.27,34,31518,1
10:36:51,9.27,40,37080,1
10:36:48,9.27,96,88992,-1
10:36:42,9.27,25,23175,1
10:36:33,9.26,131,121306,-1
10:36:30,9.27,6,5562,1
10:36:27,9.26,54,50004,-1
10:36:21,9.27,5,4635,-1
10:36:18,9.27,7,6489,-1
10:36:15,9.26,21,19446,-1
10:36:12,9.25,500,462500,-1
10:36:09,9.27,114,105678,1
10:36:06,9.27,23,21321,1
10:36:03,9.26,483,447258,-1
10:35:57,9.27,2,1854,1
10:35:54,9.27,77,71379,1
10:35:51,9.27,54,50058,1
10:35:45,9.27,33,30591,-1
10:35:42,9.27,15,13905,-1
10:35:39,9.28,125,115999,1
10:35:36,9.26,1469,1360294,-1
10:35:33,9.28,7,6496,1
10:35:24,9.28,26,24146,-1
10:35:21,9.28,10,9280,-1
10:35:18,9.28,8,7423,-1
10:35:15,9.28,193,180013,1
10:35:09,9.27,26,24102,-1
10:35:06,9.28,284,263570,-1
10:35:03,9.28,440,408320,-1
10:35:00,9.28,10,9280,-1
10:34:57,9.28,129,119711,-1
10:34:51,9.28,32,29695,-1
10:34:48,9.29,1,928,-1
10:34:45,9.29,32,29727,-1
10:34:39,9.29,29,26940,-1
10:34:33,9.29,35,32514,1
10:34:27,9.29,5,4645,1
10:34:24,9.29,46,42733,1
10:34:15,9.28,109,101152,-1
10:34:12,9.28,104,96512,-1
10:34:09,9.28,130,120639,-1
10:34:06,9.29,144,133776,1
10:34:03,9.28,40,37120,-1
10:33:57,9.29,30,27869,1
10:33:54,9.29,110,102189,1
10:33:51,9.28,33,30623,-1
10:33:48,9.29,104,96615,-1
10:33:45,9.29,29,26940,-1
10:33:39,9.29,65,60384,-1
10:33:36,9.29,20,18580,-1
10:33:27,9.29,23,21366,-1
10:33:21,9.29,124,115195,-1
10:33:18,9.3,10,9300,1
10:33:15,9.3,8,7440,1
10:33:09,9.29,19,17651,-1
10:33:03,9.3,46,42780,1
10:33:00,9.29,82,76178,-1
10:32:57,9.29,10,9290,-1
10:32:54,9.3,5,4650,1
10:32:51,9.29,32,29727,-1
10:32:48,9.3,6,5580,1
10:32:42,9.29,40,37160,-1
10:32:33,9.3,196,182280,1
10:32:30,9.3,18,16740,1
10:32:27,9.3,5,4650,1
10:32:24,9.3,16,14880,1
10:32:21,9.3,26,24180,1
10:32:15,9.3,31,28830,1
10:32:12,9.3,91,84630,-1
10:32:09,9.3,19,17670,-1
10:32:06,9.3,190,176700,-1
10:32:03,9.3,40,37200,-1
10:31:57,9.3,122,113460,-1
10:31:54,9.3,1,930,-1
10:31:51,9.31,132,122892,1
10:31:45,9.3,113,105090,-1
10:31:33,9.3,6,5580,-1
10:31:30,9.3,17,15810,-1
10:31:27,9.31,10,9310,1
10:31:21,9.3,20,18600,-1
10:31:15,9.3,16,14880,-1
10:31:12,9.3,41,38130,-1
10:31:09,9.3,72,66960,-1
10:31:06,9.31,21,19551,1
10:31:00,9.3,40,37200,-1
10:30:57,9.32,112,104579,1
10:30:54,9.31,206,191786,-1
10:30:51,9.32,140,130480,1
10:30:48,9.32,2,1864,1
10:30:45,9.32,14,13048,1
10:30:39,9.32,10,9320,1
10:30:24,9.32,17,15844,1
10:30:21,9.32,22,20504,1
10:30:18,9.32,3,2796,1
10:30:15,9.32,12,11184,1
10:30:12,9.31,4,3724,-1
10:30:09,9.31,146,135926,-1
10:30:03,9.32,43,40076,1
10:29:54,9.32,5,4660,1
10:29:51,9.31,132,122892,-1
10:29:48,9.32,10,9320,1
10:29:45,9.32,200,186400,1
10:29:39,9.32,60,55920,1
10:29:33,9.31,1,931,-1
10:29:24,9.31,566,527681,1
10:29:21,9.3,121,112530,-1
10:29:15,9.3,50,46500,-1
10:29:12,9.3,86,79980,1
10:29:09,9.29,18,16722,-1
10:29:06,9.3,13,12090,1
10:29:03,9.29,40,37160,-1
10:29:00,9.3,9,8370,1
10:28:54,9.3,14,13020,1
10:28:51,9.29,32,29727,-1
10:28:45,9.3,21,19530,-1
10:28:42,9.3,79,73470,-1
10:28:36,9.31,139,129409,1
10:28:33,9.3,180,167400,-1
10:28:24,9.3,1,930,-1
10:28:18,9.31,30,27930,1
10:28:15,9.3,50,46500,0
10:28:09,9.29,19,17651,-1
10:28:03,9.29,40,37160,-1
10:27:57,9.31,138,128478,1
10:27:54,9.3,12,11160,1
10:27:51,9.3,43,39990,1
10:27:48,9.3,209,194565,-1
10:27:45,9.3,130,120900,-1
10:27:21,9.31,1,931,1
10:27:18,9.31,152,141512,-1
10:27:12,9.32,10,9320,1
10:27:09,9.31,20,18620,-1
10:27:03,9.31,40,37240,-1
10:26:57,9.31,111,103341,0
10:26:51,9.3,104,96720,-1
10:26:45,9.3,50,46500,-1
10:26:42,9.31,2,1862,1
10:26:39,9.31,6,5586,1
10:26:36,9.31,202,188062,1
10:26:33,9.3,45,41850,-1
10:26:27,9.31,2,1862,1
10:26:24,9.31,10,9310,1
10:26:12,9.3,33,30690,-1
10:26:09,9.3,147,136710,-1
10:26:06,9.3,100,93000,-1
10:26:03,9.3,43,39990,-1
10:25:54,9.3,14,13754,1
10:25:51,9.3,55,51150,1
10:25:45,9.3,1,930,1
10:25:42,9.3,3,2790,1
10:25:39,9.3,15,13950,1
10:25:36,9.3,5,4650,1
10:25:30,9.3,3,2790,1
10:25:24,9.3,251,233430,1
10:25:21,9.29,21,19509,-1
10:25:18,9.3,8,7440,1
10:25:15,9.29,82,76178,-1
10:25:09,9.29,19,17651,-1
10:25:06,9.3,101,93930,1
10:25:03,9.29,40,37160,-1
10:24:51,9.29,149,138421,-1
10:24:48,9.3,19,17670,1
10:24:45,9.29,50,46449,-1
10:24:39,9.3,32,29760,1
10:24:33,9.29,6,5573,0
10:24:30,9.28,300,278400,-1
10:24:27,9.3,15,13950,1
10:24:24,9.29,21,19509,-1
10:24:21,9.3,16,14880,1
10:24:12,9.3,159,147870,1
10:24:09,9.3,121,112530,1
10:24:06,9.29,100,92899,-1
10:24:00,9.29,55,51094,-1
10:23:54,9.29,64,59455,-1
10:23:51,9.3,42,39971,1
10:23:45,9.3,34,31638,-1
10:23:42,9.3,40,37200,-1
10:23:39,9.3,46,43691,1
10:23:33,9.3,424,394338,-1
10:23:27,9.31,20,18620,1
10:23:24,9.3,231,214830,-1
10:23:21,9.3,100,93000,-1
10:23:18,9.3,140,130200,-1
10:23:12,9.3,1,930,-1
10:23:09,9.31,38,35378,1
10:23:06,9.3,100,93000,-1
10:23:03,9.3,44,40920,-1
10:23:00,9.31,53,49343,1
10:22:57,9.31,331,308161,1
10:22:54,9.31,20,18620,1
10:22:51,9.3,32,29760,-1
10:22:48,9.3,2,1860,-1
10:22:45,9.31,25,23275,1
10:22:42,9.31,22,20482,1
10:22:39,9.31,564,525084,-1
10:22:24,9.32,20,18640,1
10:22:18,9.31,79,73549,-1
10:22:06,9.31,128,119168,-1
10:22:03,9.31,111,103341,-1
10:21:51,9.31,32,29792,-1
10:21:48,9.31,72,67032,-1
10:21:42,9.31,8,7448,1
10:21:39,9.31,112,104272,1
10:21:36,9.31,14,13034,1
10:21:33,9.31,63,58653,-1
10:21:30,9.31,23,21413,1
10:21:27,9.31,10,9310,1
10:21:24,9.31,5,4655,1
10:21:21,9.31,57,53067,1
10:21:15,9.31,82,76342,-1
10:21:09,9.31,17,15827,-1
10:21:06,9.31,100,93100,-1
10:21:03,9.31,40,37240,-1
10:21:00,9.32,7,6524,-1
10:20:54,9.32,41,38212,-1
10:20:51,9.32,32,29824,-1
10:20:48,9.32,5,4660,-1
10:20:45,9.32,35,32620,-1
10:20:42,9.32,49,45668,-1
10:20:33,9.32,1,932,-1
10:20:30,9.32,11,10252,1
10:20:27,9.32,16,14912,1
10:20:24,9.32,4,3728,1
10:20:18,9.32,7,6524,0
10:20:12,9.3,1000,930000,-1
10:20:09,9.34,28,26152,1
10:20:06,9.32,100,93200,-1
10:20:03,9.33,50,46650,-1
10:20:00,9.33,18,16794,1
10:19:54,9.33,17,15861,-1
10:19:51,9.32,32,29824,-1
10:19:48,9.33,10,9330,-1
10:19:42,9.33,167,155811,1
10:19:30,9.33,25,23325,-1
10:19:21,9.32,19,18621,-1
10:19:18,9.33,6,5598,1
10:19:15,9.33,20,18660,1
10:19:12,9.33,6,5598,1
10:19:09,9.32,27,25164,-1
10:19:06,9.32,100,93200,-1
10:19:03,9.34,62,57908,1
10:19:00,9.34,184,171856,1
10:18:54,9.33,47,43851,-1
10:18:51,9.33,32,29856,-1
10:18:48,9.33,6,5598,-1
10:18:45,9.34,303,283002,1
10:18:39,9.33,100,93300,-1
10:18:36,9.34,21,19614,1
10:18:30,9.33,50,46650,-1
10:18:21,9.33,36,33588,-1
10:18:15,9.33,4,3732,-1
10:18:12,9.34,58,54172,1
10:18:06,9.33,166,154878,1
10:18:03,9.33,8,7464,1
10:18:00,9.32,104,96928,-1
10:17:54,9.33,10,9330,-1
10:17:51,9.33,32,29856,-1
10:17:45,9.34,10,9340,1
10:17:42,9.33,51,47583,-1
10:17:33,9.33,318,296694,-1
10:17:27,9.33,16,14928,-1
10:17:24,9.33,23,21459,-1
10:17:21,9.34,58,54172,1
10:17:09,9.33,5,4665,-1
10:17:06,9.33,120,111960,-1
10:17:03,9.33,9,8397,-1
10:17:00,9.33,40,37320,-1
10:16:54,9.33,56,52248,1
10:16:51,9.32,32,29824,-1
10:16:48,9.33,50,46650,1
10:16:42,9.32,1,932,-1
10:16:39,9.33,4,3732,0
10:16:24,9.32,73,68036,-1
10:16:21,9.33,199,185667,1
10:16:18,9.33,5,4665,1
10:16:09,9.32,18,16776,-1
10:16:06,9.33,119,111027,1
10:16:00,9.32,40,37280,-1
10:15:57,9.33,11,10263,-1
10:15:54,9.33,201,187533,-1
10:15:51,9.33,132,123156,-1
10:15:45,9.33,82,76506,1
10:15:42,9.32,10,9320,-1
10:15:39,9.33,200,186600,1
10:15:36,9.33,56,52248,1
10:15:33,9.32,10,9320,-1
10:15:30,9.32,13,12116,-1
10:15:27,9.32,48,44736,-1
10:15:21,9.33,10,9330,1
10:15:18,9.33,5,4665,1
10:15:15,9.33,20,18660,1
10:15:12,9.32,24,22368,-1
10:15:09,9.32,18,16776,-1
10:15:06,9.32,100,93200,-1
10:15:03,9.32,40,37280,-1
10:14:57,9.33,5,4665,-1
10:14:54,9.33,5,4665,-1
10:14:51,9.33,265,247245,-1
10:14:48,9.33,110,102630,-1
10:14:45,9.34,50,46700,1
10:14:42,9.33,40,37320,-1
10:14:36,9.35,77,71995,1
10:14:33,9.34,55,51370,1
10:14:30,9.33,10,9330,-1
10:14:27,9.34,11,10274,-1
10:14:21,9.34,25,23350,-1
10:14:18,9.34,12,11208,1
10:14:12,9.33,16,14928,-1
10:14:09,9.34,281,262454,-1
10:14:06,9.34,109,101806,-1
10:14:03,9.34,50,46700,-1
10:13:57,9.34,48,44832,-1
10:13:51,9.34,32,29888,-1
10:13:48,9.35,5,4675,1
10:13:45,9.35,20,18700,1
10:13:36,9.35,3,2805,1
10:13:33,9.35,30,28050,1
10:13:30,9.34,6,5604,-1
10:13:18,9.35,9,8415,1
10:13:15,9.35,6,5610,1
10:13:12,9.35,5,4675,-1
10:13:09,9.36,33,30887,1
10:13:06,9.35,184,172040,-1
10:13:03,9.35,40,37400,-1
10:13:00,9.36,5,4680,1
10:12:57,9.36,22,20592,1
10:12:54,9.36,201,188136,1
10:12:51,9.35,263,245905,-1
10:12:48,9.35,35,32725,-1
10:12:45,9.36,1,936,1
10:12:42,9.36,72,67392,1
10:12:39,9.37,200,187399,1
10:12:36,9.36,6,5616,1
10:12:33,9.36,14,13104,1
10:12:30,9.36,7,6552,-1
10:12:27,9.36,61,57096,-1
10:12:21,9.36,60,56160,-1
10:12:18,9.36,48,44928,1
10:12:12,9.35,100,93500,-1
10:12:09,9.36,175,163800,1
10:12:06,9.35,19,17765,-1
10:12:03,9.35,171,159885,-1
10:12:00,9.36,47,43992,-1
10:11:57,9.36,37,34632,-1
10:11:54,9.36,5,4680,-1
10:11:51,9.36,32,29952,-1
10:11:42,9.36,26,24336,-1
10:11:39,9.36,126,117936,-1
10:11:36,9.37,20,18740,1
10:11:33,9.37,50,46849,1
10:11:27,9.36,58,54288,-1
10:11:24,9.36,77,72961,1
10:11:21,9.36,94,87984,1
10:11:18,9.36,374,350110,1
10:11:09,9.36,129,120743,1
10:11:06,9.35,19,17765,-1
10:11:03,9.35,394,369278,1
10:11:00,9.34,45,42030,0
10:10:51,9.34,137,127958,1
10:10:48,9.34,31,28954,1
10:10:45,9.34,809,755652,-1
10:10:42,9.35,14,13090,1
10:10:39,9.35,168,157080,1
10:10:36,9.35,10,9350,1
10:10:33,9.35,10,9350,1
10:10:30,9.34,50,46700,-1
10:10:21,9.34,105,98957,1
10:10:18,9.34,49,45766,1
10:10:15,9.34,143,133562,1
10:10:12,9.34,75,70050,1
10:10:09,9.34,189,176526,1
10:10:06,9.33,124,115692,-1
10:10:03,9.34,134,125156,1
10:10:00,9.33,88,82104,-1
10:09:54,9.34,221,206414,1
10:09:51,9.33,80,74640,1
10:09:48,9.33,43,40119,1
10:09:45,9.33,9,8397,1
10:09:39,9.33,8,7464,1
10:09:36,9.33,20,18660,1
10:09:33,9.33,160,149280,1
10:09:30,9.32,16,14912,-1
10:09:27,9.33,2,1866,1
10:09:24,9.33,54,50428,-1
10:09:21,9.33,12,11196,-1
10:09:18,9.34,11,10274,1
10:09:09,9.33,218,203394,-1
10:09:06,9.33,118,110094,-1
10:09:00,9.33,45,41985,-1
10:08:57,9.33,3,2799,-1
10:08:54,9.34,31,28954,1
10:08:51,9.33,39,36387,-1
10:08:48,9.34,155,144770,1
10:08:45,9.34,3,2802,1
10:08:39,9.33,43,40119,-1
10:08:36,9.33,35,32655,-1
10:08:27,9.34,61,56974,1
10:08:24,9.33,70,65310,-1
10:08:18,9.34,1,934,1
10:08:15,9.33,39,36387,-1
10:08:12,9.33,33,30789,-1
10:08:06,9.33,158,147414,-1
10:08:00,9.33,50,46650,-1
10:07:57,9.33,54,50382,-1
10:07:54,9.33,48,44784,-1
10:07:51,9.33,32,29856,-1
10:07:42,9.33,57,53181,-1
10:07:39,9.34,30,28020,1
10:07:33,9.33,21,19593,-1
10:07:30,9.34,86,80324,-1
10:07:27,9.34,15,14010,-1
10:07:21,9.34,21,19614,-1
10:07:18,9.35,38,35530,1
10:07:09,9.35,30,28050,1
10:07:06,9.34,118,110212,-1
10:07:03,9.35,79,73865,1
10:07:00,9.34,40,37360,-1
10:06:57,9.35,2,1870,1
10:06:54,9.34,12,11208,-1
10:06:51,9.35,74,69190,1
10:06:48,9.35,20,18700,1
10:06:45,9.35,17,15895,1
10:06:39,9.35,91,85085,1
10:06:36,9.34,20,18680,-1
10:06:33,9.33,5,4665,-1
10:06:27,9.33,5,4665,-1
10:06:21,9.35,6,5610,1
10:06:18,9.35,39,36465,1
10:06:15,9.35,25,23375,1
10:06:12,9.35,250,233750,1
10:06:09,9.34,466,435244,-1
10:06:06,9.34,133,124222,-1
10:06:03,9.35,51,47685,1
10:06:00,9.35,161,150535,1
10:05:57,9.35,27,25245,1
10:05:54,9.35,111,103785,1
10:05:51,9.35,55,51425,1
10:05:42,9.35,40,37400,1
10:05:36,9.35,60,56100,1
10:05:33,9.35,156,145860,1
10:05:30,9.35,92,86020,1
10:05:27,9.34,1,934,-1
10:05:21,9.35,52,48620,1
10:05:09,9.34,7,6538,-1
10:05:06,9.34,19,17746,-1
10:05:03,9.34,104,97136,-1
10:05:00,9.34,40,37360,0
10:04:54,9.33,87,81171,-1
10:04:51,9.34,166,155044,1
10:04:48,9.33,22,20526,-1
10:04:42,9.33,5,4665,-1
10:04:39,9.34,60,56040,1
10:04:36,9.33,88,82104,-1
10:04:33,9.33,130,121290,-1
10:04:30,9.33,48,45670,1
10:04:27,9.33,196,182868,1
10:04:21,9.32,103,95996,-1
10:04:18,9.33,2,1866,1
10:04:15,9.33,40,37320,1
10:04:09,9.32,66,61512,-1
10:04:06,9.32,102,95064,-1
10:04:03,9.33,100,93300,-1
10:04:00,9.33,90,83970,-1
10:03:54,9.34,202,188668,-1
10:03:51,9.35,43,40205,1
10:03:48,9.35,24,22440,1
10:03:42,9.34,65,60710,-1
10:03:36,9.35,116,108460,1
10:03:33,9.34,1,934,-1
10:03:30,9.35,71,66431,-1
10:03:27,9.36,11,10296,1
10:03:24,9.35,119,111265,-1
10:03:21,9.35,155,144925,-1
10:03:18,9.36,108,101088,1
10:03:15,9.35,200,187000,-1
10:03:12,9.36,42,39312,1
10:03:09,9.36,94,87984,0
10:03:06,9.35,125,117763,-1
10:03:03,9.37,46,43148,-1
10:03:00,9.38,52,48776,1
10:02:57,9.38,118,110684,1
10:02:51,9.37,62,58093,-1
10:02:45,9.37,113,105880,-1
10:02:42,9.36,201,189025,1
10:02:39,9.36,874,818110,-1
10:02:33,9.37,212,198643,-1
10:02:27,9.37,322,301714,-1
10:02:24,9.37,38,35606,-1
10:02:21,9.37,11,10307,-1
10:02:18,9.38,20,18760,1
10:02:15,9.37,4,3747,-1
10:02:12,9.38,306,287028,1
10:02:09,9.37,333,312911,1
10:02:06,9.37,182,170534,1
10:02:03,9.37,137,128368,1
10:02:00,9.37,1243,1164737,-1
10:01:57,9.37,230,215509,-1
10:01:54,9.38,278,261655,1
10:01:51,9.37,45,42165,-1
10:01:48,9.37,83,77771,-1
10:01:45,9.38,40,37520,1
10:01:42,9.37,165,154605,-1
10:01:39,9.37,65,60904,-1
10:01:36,9.38,15,14070,1
10:01:33,9.38,50,46900,1
10:01:30,9.38,67,62846,1
10:01:27,9.37,86,80582,-1
10:01:24,9.38,151,141638,1
10:01:21,9.37,169,158353,-1
10:01:18,9.37,189,177092,1
10:01:15,9.37,104,97447,1
10:01:12,9.37,542,507853,1
10:01:09,9.37,56,52471,0
10:01:06,9.36,359,336024,-1
10:01:03,9.37,374,350437,1
10:01:00,9.36,100,93600,-1
10:00:57,9.37,10,9370,0
10:00:54,9.38,76,71288,1
10:00:51,9.35,675,631125,-1
10:00:48,9.38,16,15008,1
10:00:42,9.39,116,108924,1
10:00:39,9.39,57,53523,1
10:00:36,9.39,449,421611,0
10:00:30,9.4,591,555540,1
10:00:27,9.4,912,857280,1
10:00:24,9.4,567,532980,-1
10:00:21,9.41,1377,1295757,1
10:00:18,9.41,317,298297,1
10:00:15,9.41,269,253129,-1
10:00:12,9.41,178,167498,-1
10:00:09,9.42,406,382452,1
10:00:06,9.41,505,475205,-1
10:00:03,9.42,337,317454,1
10:00:00,9.41,258,242778,-1
09:59:57,9.41,21,19761,-1
09:59:54,9.41,126,118566,1
09:59:51,9.4,82,77080,-1
09:59:48,9.4,1244,1169679,1
09:59:45,9.39,130,122070,-1
09:59:42,9.4,1520,1428800,1
09:59:39,9.39,540,507060,1
09:59:36,9.38,30,28140,-1
09:59:33,9.39,1398,1312722,1
09:59:30,9.39,1321,1240419,1
09:59:27,9.37,945,885464,1
09:59:24,9.37,194,181777,1
09:59:21,9.35,51,47685,-1
09:59:18,9.35,63,58905,-1
09:59:15,9.36,32,30878,0
09:59:12,9.37,298,279226,1
09:59:09,9.35,20,18700,-1
09:59:06,9.36,176,164736,1
09:59:00,9.35,80,74800,1
09:58:57,9.35,40,37400,1
09:58:54,9.35,379,354365,-1
09:58:51,9.36,92,86112,-1
09:58:48,9.36,129,120743,1
09:58:39,9.36,44,41184,1
09:58:36,9.36,207,193752,1
09:58:33,9.34,8,7472,-1
09:58:30,9.35,84,78540,-1
09:58:27,9.35,7,6545,-1
09:58:24,9.35,129,120615,-1
09:58:21,9.36,72,67392,1
09:58:18,9.36,17,15911,1
09:58:15,9.36,5,4680,1
09:58:12,9.36,27,25272,1
09:58:09,9.36,14,13104,-1
09:58:06,9.36,57,53352,-1
09:58:03,9.36,53,49608,-1
09:58:00,9.37,183,171471,1
09:57:57,9.37,81,75897,0
09:57:54,9.37,98,91825,1
09:57:51,9.36,33,30887,-1
09:57:48,9.37,677,634349,1
09:57:45,9.39,414,388746,1
09:57:42,9.38,216,202608,1
09:57:39,9.37,924,865787,-1
09:57:36,9.37,680,637160,-1
09:57:33,9.38,195,182910,1
09:57:30,9.38,161,151018,1
09:57:27,9.38,116,108808,1
09:57:24,9.38,208,195113,-1
09:57:21,9.38,352,330176,-1
09:57:18,9.38,964,905160,1
09:57:15,9.37,274,256737,0
09:57:12,9.36,309,289224,-1
09:57:09,9.37,1319,1235903,1
09:57:06,9.36,69,64583,1
09:57:03,9.36,14,13104,1
09:57:00,9.35,55,51425,-1
09:56:57,9.35,30,28050,1
09:56:54,9.35,154,143990,1
09:56:51,9.32,346,322472,-1
09:56:48,9.34,125,116750,1
09:56:42,9.34,64,59776,1
09:56:39,9.31,24,22344,-1
09:56:36,9.32,10,9320,0
09:56:33,9.38,2267,2126446,1
09:56:30,9.31,56,52136,1
09:56:27,9.31,195,181545,1
09:56:24,9.31,59,54929,-1
09:56:21,9.31,30,27930,0
09:56:18,9.33,432,403056,1
09:56:15,9.31,13,12103,1
09:56:12,9.3,274,255173,1
09:56:06,9.28,546,506687,-1
09:56:00,9.28,40,37120,-1
09:55:57,9.3,62,57660,1
09:55:54,9.29,311,288919,1
09:55:51,9.27,32,29664,-1
09:55:45,9.27,23,22238,1
09:55:39,9.27,7,6489,0
09:55:36,9.26,1042,964892,1
09:55:33,9.26,8,7408,1
09:55:30,9.26,199,184783,-1
09:55:27,9.27,42,38934,1
09:55:24,9.27,50,46350,1
09:55:18,9.26,9,8334,-1
09:55:15,9.27,86,79722,1
09:55:12,9.26,25,23150,-1
09:55:09,9.26,12,11528,1
09:55:06,9.25,81,75433,-1
09:55:00,9.26,750,694500,-1
09:54:57,9.26,113,105054,1
09:54:54,9.26,6,5556,1
09:54:51,9.26,41,37966,1
09:54:48,9.25,20,18500,-1
09:54:45,9.26,45,41670,1
09:54:39,9.25,57,52725,-1
09:54:36,9.26,30,27780,1
09:54:33,9.25,1,925,-1
09:54:24,9.26,1,926,1
09:54:18,9.25,175,161875,1
09:54:15,9.25,135,124875,1
09:54:12,9.25,46,42550,1
09:54:06,9.25,125,115625,-1
09:54:03,9.26,300,277800,1
09:54:00,9.25,139,128575,-1
09:53:51,9.25,69,63825,1
09:53:48,9.25,65,60125,1
09:53:36,9.25,116,107300,1
09:53:33,9.24,81,74844,-1
09:53:24,9.25,48,44400,1
09:53:12,9.23,100,92300,-1
09:53:09,9.25,203,187775,1
09:53:06,9.23,18,16614,-1
09:53:00,9.23,30,27690,-1
09:52:57,9.24,817,754908,1
09:52:54,9.21,24,22104,-1
09:52:51,9.22,42,38724,1
09:52:48,9.21,20,18420,-1
09:52:45,9.22,48,44256,1
09:52:42,9.22,58,53476,1
09:52:39,9.21,30,27630,-1
09:52:36,9.22,3,2766,1
09:52:30,9.22,68,62696,1
09:52:24,9.21,2,1842,-1
09:52:21,9.21,165,151965,-1
09:52:18,9.22,2,1844,1
09:52:09,9.21,89,81969,-1
09:52:06,9.21,67,61707,-1
09:52:03,9.22,18,16596,1
09:52:00,9.2,1259,1158280,-1
09:51:57,9.22,5,4610,1
09:51:54,9.22,24,22128,1
09:51:48,9.21,43,39603,-1
09:51:45,9.21,170,156570,-1
09:51:39,9.22,5,4610,-1
09:51:36,9.23,98,90454,1
09:51:33,9.22,2,1844,-1
09:51:30,9.22,21,19362,1
09:51:27,9.21,13,11973,-1
09:51:24,9.21,10,9210,-1
09:51:21,9.22,4,3688,0
09:51:09,9.21,1,921,-1
09:51:06,9.21,137,126177,-1
09:51:03,9.22,144,132768,-1
09:51:00,9.23,15,13845,1
09:50:57,9.22,39,35958,-1
09:50:54,9.22,20,18440,-1
09:50:51,9.22,51,47022,1
09:50:48,9.21,70,64470,-1
09:50:42,9.22,33,30426,1
09:50:36,9.22,41,37802,-1
09:50:33,9.23,75,69225,-1
09:50:30,9.23,5,4615,1
09:50:27,9.21,694,639174,-1
09:50:24,9.23,40,36920,1
09:50:21,9.22,5,4610,-1
09:50:18,9.22,305,281210,-1
09:50:15,9.23,11,10153,1
09:50:12,9.22,27,24894,-1
09:50:09,9.23,58,53534,1
09:50:03,9.23,169,155987,1
09:50:00,9.23,55,50765,-1
09:49:54,9.23,98,90454,-1
09:49:51,9.23,32,29536,-1
09:49:48,9.23,10,9230,-1
09:49:39,9.23,13,11999,-1
09:49:30,9.23,50,46150,-1
09:49:27,9.23,13,11999,-1
09:49:24,9.23,41,37843,-1
09:49:21,9.23,20,18460,-1
09:49:12,9.23,114,105222,1
09:49:09,9.23,31,28613,0
09:49:06,9.22,45,42356,-1
09:49:03,9.23,15,13845,1
09:49:00,9.23,96,88663,-1
09:48:57,9.23,5,4615,-1
09:48:51,9.23,32,29536,-1
09:48:48,9.23,22,20306,-1
09:48:39,9.24,10,9240,1
09:48:33,9.23,10,9230,-1
09:48:30,9.23,256,237155,1
09:48:27,9.23,6,5538,1
09:48:24,9.22,17,15674,-1
09:48:21,9.22,14,12908,-1
09:48:15,9.22,1,922,-1
09:48:12,9.22,174,160428,-1
09:48:09,9.22,91,83902,1
09:48:06,9.21,103,94863,-1
09:48:03,9.22,540,497880,1
09:48:00,9.22,20,18440,1
09:47:57,9.21,9,8289,-1
09:47:54,9.21,13,11973,-1
09:47:51,9.21,32,29472,-1
09:47:48,9.21,3,2763,-1
09:47:45,9.22,5,4610,1
09:47:42,9.2,172,158240,-1
09:47:39,9.2,142,130639,-1
09:47:36,9.21,88,81048,-1
09:47:33,9.22,70,64540,1
09:47:30,9.21,763,702723,-1
09:47:27,9.22,290,267380,-1
09:47:24,9.23,21,19383,1
09:47:21,9.22,106,97732,-1
09:47:18,9.23,67,61841,1
09:47:15,9.22,1,922,-1
09:47:12,9.23,95,87740,-1
09:47:06,9.23,224,206752,-1
09:47:03,9.25,10,9250,-1
09:47:00,9.26,30,27780,1
09:46:57,9.26,10,9260,1
09:46:54,9.23,1126,1039298,-1
09:46:51,9.26,87,80562,-1
09:46:48,9.26,139,128714,1
09:46:45,9.26,69,63894,-1
09:46:42,9.27,32,29664,0
09:46:36,9.28,507,470495,1
09:46:30,9.27,6,5562,1
09:46:27,9.27,212,196524,-1
09:46:18,9.27,142,132505,1
09:46:12,9.27,30,27810,1
09:46:09,9.27,50,46350,1
09:46:06,9.27,74,68598,1
09:45:54,9.27,113,104751,1
09:45:51,9.26,26,24076,1
09:45:48,9.24,173,159852,-1
09:45:30,9.26,110,101860,1
09:45:27,9.26,3,2778,1
09:45:21,9.26,62,57412,1
09:45:18,9.25,20,18500,1
09:45:15,9.24,27,24948,-1
09:45:09,9.24,401,370524,0
09:45:06,9.23,98,90454,-1
09:45:00,9.26,9,8334,1
09:44:54,9.26,6,5556,1
09:44:51,9.23,9,8307,-1
09:44:48,9.23,88,81224,-1
09:44:45,9.24,10,9240,1
09:44:42,9.24,3,2772,1
09:44:39,9.24,3,2772,0
09:44:36,9.27,63,58401,1
09:44:33,9.24,2,1848,1
09:44:30,9.24,57,52668,-1
09:44:27,9.24,13,12012,1
09:44:24,9.21,500,460500,-1
09:44:21,9.23,40,36920,-1
09:44:18,9.25,195,180375,1
09:44:09,9.23,29,26767,-1
09:44:06,9.23,17,15691,-1
09:44:03,9.23,14,12922,1
09:44:00,9.22,86,79292,1
09:43:57,9.22,7,6454,1
09:43:54,9.22,41,37802,1
09:43:51,9.22,645,594690,-1
09:43:48,9.22,100,92200,-1
09:43:45,9.22,5,4610,-1
09:43:42,9.22,40,36880,-1
09:43:39,9.21,75,69075,-1
09:43:36,9.22,80,73760,1
09:43:33,9.22,1,922,1
09:43:30,9.22,6,5532,1
09:43:27,9.22,65,59930,-1
09:43:24,9.21,36,33156,-1
09:43:21,9.21,30,27630,-1
09:43:18,9.22,23,21206,1
09:43:15,9.21,199,183279,-1
09:43:12,9.22,64,59008,1
09:43:09,9.22,26,23972,1
09:43:06,9.21,161,148281,-1
09:43:03,9.23,20,18460,1
09:43:00,9.22,42,38724,-1
09:42:57,9.22,58,53476,1
09:42:54,9.22,14,12908,1
09:42:51,9.21,54,49734,-1
09:42:48,9.21,65,59865,-1
09:42:45,9.21,174,160263,1
09:42:42,9.2,29,26679,-1
09:42:39,9.2,72,66856,-1
09:42:36,9.21,20,18420,1
09:42:33,9.21,90,82890,1
09:42:30,9.19,351,322569,-1
09:42:27,9.2,78,71760,1
09:42:24,9.19,50,45950,-1
09:42:21,9.19,48,44112,-1
09:42:18,9.2,126,115919,0
09:42:15,9.21,745,687056,1
09:42:12,9.21,27,24867,1
09:42:09,9.21,18,16578,1
09:42:06,9.2,94,86480,-1
09:42:03,9.2,100,92000,-1
09:42:00,9.21,94,86574,-1
09:41:57,9.21,49,45129,0
09:41:54,9.2,1021,939319,-1
09:41:51,9.21,333,306693,-1
09:41:48,9.22,134,123548,1
09:41:45,9.21,117,107757,-1
09:41:39,9.22,639,589158,-1
09:41:36,9.22,6,5532,-1
09:41:30,9.21,20,18420,-1
09:41:27,9.21,781,719301,-1
09:41:24,9.22,18,16596,-1
09:41:21,9.23,15,13845,-1
09:41:18,9.23,265,244595,1
09:41:15,9.22,137,126314,-1
09:41:12,9.23,86,79378,-1
09:41:09,9.24,242,223617,1
09:41:06,9.24,67,61908,1
09:41:03,9.24,9,8316,1
09:41:00,9.23,68,63068,-1
09:40:57,9.24,10,9240,-1
09:40:51,9.24,62,57288,-1
09:40:48,9.24,3,2772,-1
09:40:45,9.24,24,22989,-1
09:40:42,9.24,35,32340,-1
09:40:39,9.25,8,7400,1
09:40:36,9.24,3,2772,-1
09:40:33,9.24,158,145992,-1
09:40:30,9.24,16,14784,-1
09:40:27,9.24,174,160776,-1
09:40:24,9.24,1,924,-1
09:40:15,9.24,1,924,-1
09:40:12,9.24,1556,1437744,-1
09:40:06,9.25,29,26825,-1
09:40:03,9.25,70,64750,-1
09:39:54,9.25,5,4625,-1
09:39:51,9.26,7,6482,1
09:39:48,9.24,39,36036,-1
09:39:45,9.26,1,926,1
09:39:42,9.26,64,59264,-1
09:39:39,9.27,31,28737,1
09:39:36,9.26,192,177792,-1
09:39:33,9.26,3,2778,-1
09:39:30,9.27,1,927,1
09:39:24,9.27,10,9270,1
09:39:21,9.27,116,107532,1
09:39:18,9.24,865,799260,-1
09:39:15,9.27,13,12051,1
09:39:12,9.27,1,927,1
09:39:06,9.26,17,15742,-1
09:39:03,9.26,100,92600,-1
09:39:00,9.27,11,10197,1
09:38:57,9.26,45,41670,-1
09:38:54,9.26,35,32410,-1
09:38:51,9.26,98,90748,-1
09:38:48,9.26,32,29632,-1
09:38:45,9.26,25,23150,-1
09:38:42,9.26,2,1852,-1
09:38:39,9.27,21,19467,1
09:38:33,9.26,531,491706,-1
09:38:30,9.27,45,41715,1
09:38:27,9.27,1,927,1
09:38:21,9.27,10,9270,1
09:38:18,9.27,50,46350,1
09:38:15,9.27,296,275309,-1
09:38:09,9.28,43,39904,1
09:38:06,9.27,69,63963,-1
09:38:03,9.28,21,19488,1
09:37:57,9.27,23,21330,-1
09:37:51,9.27,2,1854,-1
09:37:48,9.27,389,360603,-1
09:37:42,9.28,2,1855,1
09:37:36,9.28,1,927,1
09:37:33,9.29,139,129130,1
09:37:30,9.28,16,14847,-1
09:37:27,9.28,10,9280,-1
09:37:24,9.28,50,46400,-1
09:37:21,9.28,10,9280,-1
09:37:18,9.28,6,5568,1
09:37:15,9.27,14,12978,-1
09:37:09,9.27,8,7416,1
09:37:06,9.27,24,22248,1
09:37:00,9.27,83,76941,-1
09:36:57,9.27,263,243801,-1
09:36:51,9.28,187,173536,1
09:36:48,9.27,24,22248,0
09:36:42,9.26,81,75006,-1
09:36:39,9.26,5,4630,-1
09:36:36,9.26,15,13890,-1
09:36:33,9.26,5,4630,-1
09:36:30,9.27,349,323523,-1
09:36:27,9.27,32,29664,-1
09:36:24,9.27,22,20394,-1
09:36:21,9.27,2,1854,-1
09:36:18,9.27,153,141831,-1
09:36:15,9.27,52,48204,-1
09:36:12,9.27,7,6489,-1
09:36:09,9.27,148,137196,1
09:36:06,9.26,19,17594,-1
09:36:03,9.27,19,17613,1
09:35:57,9.26,20,18520,-1
09:35:54,9.27,34,31518,1
09:35:51,9.27,1,927,1
09:35:48,9.27,55,50985,1
09:35:45,9.27,52,48204,1
09:35:42,9.27,12,11124,1
09:35:39,9.27,19,17613,1
09:35:36,9.26,77,71302,-1
09:35:33,9.26,23,21298,-1
09:35:30,9.27,300,278100,1
09:35:27,9.26,19,17594,-1
09:35:21,9.26,4,3704,-1
09:35:18,9.27,94,87138,-1
09:35:15,9.27,2,1854,-1
09:35:12,9.27,3,2781,-1
09:35:09,9.27,64,59328,1
09:35:06,9.27,27,25029,1
09:35:00,9.27,1,927,-1
09:34:57,9.26,500,463000,-1
09:34:51,9.27,10,9270,-1
09:34:48,9.27,3,2781,-1
09:34:42,9.27,70,64890,-1
09:34:39,9.27,183,169641,-1
09:34:33,9.26,135,125010,-1
09:34:30,9.27,22,20394,1
09:34:27,9.27,25,23175,1
09:34:24,9.26,37,34262,-1
09:34:15,9.27,1,927,1
09:34:12,9.26,5,4630,-1
09:34:09,9.27,10,9270,1
09:34:06,9.26,313,289838,-1
09:34:03,9.26,59,54634,-1
09:33:57,9.26,103,95378,1
09:33:54,9.26,10,9260,1
09:33:51,9.26,46,42596,1
09:33:48,9.26,5,4630,1
09:33:45,9.26,51,47226,-1
09:33:42,9.26,33,30558,-1
09:33:39,9.26,34,31484,-1
09:33:24,9.26,25,23150,1
09:33:18,9.26,28,25928,0
09:33:15,9.25,137,126725,-1
09:33:12,9.27,27,25029,1
09:33:06,9.26,24,22224,0
09:33:00,9.25,198,184001,-1
09:32:57,9.27,46,42642,1
09:32:54,9.25,51,47175,-1
09:32:48,9.26,1,926,-1
09:32:45,9.26,2,1852,-1
09:32:39,9.26,30,27780,-1
09:32:36,9.26,77,71302,1
09:32:33,9.27,34,31518,1
09:32:30,9.25,3,2775,-1
09:32:27,9.25,52,48100,-1
09:32:24,9.25,61,56425,-1
09:32:21,9.26,60,55560,1
09:32:15,9.25,12,11100,-1
09:32:12,9.25,33,30525,-1
09:32:09,9.25,49,45325,-1
09:32:06,9.25,165,152625,-1
09:32:03,9.25,73,67525,-1
09:32:00,9.25,3,2775,-1
09:31:57,9.24,18,16632,-1
09:31:54,9.24,105,97020,-1
09:31:51,9.25,31,28675,-1
09:31:48,9.26,34,31484,1
09:31:45,9.25,105,97125,-1
09:31:36,9.26,99,91674,1
09:31:33,9.25,15,13875,-1
09:31:30,9.26,55,50930,-1
09:31:27,9.26,97,89822,-1
09:31:24,9.26,17,15742,1
09:31:21,9.25,115,106375,-1
09:31:18,9.25,36,33300,-1
09:31:15,9.26,306,283356,-1
09:31:12,9.26,8,7408,0
09:31:06,9.25,148,136900,-1
09:31:03,9.26,63,59143,1
09:31:00,9.26,6,5556,1
09:30:57,9.26,5,4630,1
09:30:54,9.26,5,4630,1
09:30:51,9.26,169,156494,1
09:30:48,9.26,5,4630,1
09:30:39,9.26,74,68524,-1
09:30:33,9.28,46,42688,1
09:30:30,9.27,15,13905,1
09:30:27,9.26,3,2778,-1
09:30:24,9.28,39,36192,1
09:30:18,9.25,17,15725,-1
09:30:15,9.28,74,68672,1
09:30:12,9.28,32,29695,1
09:30:09,9.28,168,155904,1
09:30:06,9.28,422,391616,1
09:30:03,9.26,318,294468,-1
09:25:03,9.29,1542,1432517,1
