timestamp,price,volume,turnover,direction
15:00:03,9.08,5238,4756104,1
14:57:03,9.08,85,77180,1
14:56:57,9.07,136,123352,-1
14:56:54,9.07,215,195005,1
14:56:51,9.07,102,92514,-1
14:56:48,9.07,11,9977,-1
14:56:45,9.07,43,39001,1
14:56:42,9.07,50,45350,1
14:56:39,9.07,186,168702,1
14:56:36,9.07,427,387289,1
14:56:33,9.07,1432,1298824,-1
14:56:30,9.07,28,25396,-1
14:56:27,9.08,1168,1060544,1
14:56:24,9.07,3,2721,1
14:56:18,9.07,22,19954,1
14:56:15,9.06,65,58890,-1
14:56:12,9.07,67,60769,1
14:56:09,9.07,15,13605,1
14:56:06,9.06,27,24462,-1
14:56:03,9.07,93,84351,1
14:56:00,9.07,8,7256,1
14:55:57,9.07,1,907,1
14:55:54,9.06,403,365118,-1
14:55:51,9.07,47,42629,-1
14:55:48,9.07,678,614946,-1
14:55:45,9.07,165,149655,-1
14:55:42,9.07,30,27210,-1
14:55:39,9.07,3,2721,-1
14:55:36,9.07,5,4535,-1
14:55:33,9.07,19,17233,-1
14:55:30,9.07,227,205889,1
14:55:27,9.07,50,45350,1
14:55:24,9.07,9,8163,1
14:55:21,9.07,69,62583,1
14:55:18,9.07,5,4535,1
14:55:15,9.07,10,9070,1
14:55:12,9.07,25,22675,-1
14:55:09,9.08,122,110776,1
14:55:03,9.08,12,10896,1
14:55:00,9.07,14,12698,-1
14:54:57,9.07,29,26303,-1
14:54:54,9.07,120,108840,-1
14:54:51,9.07,16,14512,-1
14:54:45,9.07,578,524246,-1
14:54:39,9.07,216,195912,1
14:54:36,9.06,208,188448,1
14:54:33,9.06,368,333408,1
14:54:30,9.06,147,133182,1
14:54:27,9.06,60,54360,1
14:54:24,9.05,50,45250,-1
14:54:21,9.06,1,906,1
14:54:18,9.07,159,144213,1
14:54:15,9.06,38,34428,1
14:54:12,9.06,12,10872,-1
14:54:09,9.07,953,864371,1
14:54:06,9.05,5,4525,-1
14:54:03,9.06,1067,966702,-1
14:53:51,9.06,13,11778,-1
14:53:48,9.06,386,349716,1
14:53:45,9.06,179,162174,1
14:53:42,9.06,11,9966,1
14:53:39,9.06,70,63420,1
14:53:36,9.06,127,115062,1
14:53:33,9.06,115,104190,1
14:53:30,9.06,189,171234,-1
14:53:21,9.07,88,79816,1
14:53:15,9.06,851,771006,-1
14:53:12,9.07,294,266658,-1
14:53:09,9.08,361,327788,1
14:53:06,9.07,10,9070,-1
14:53:03,9.08,68,61744,1
14:53:00,9.07,20,18140,-1
14:52:57,9.08,8,7264,1
14:52:54,9.07,210,190470,-1
14:52:51,9.08,25,22700,1
14:52:48,9.08,17,15436,1
14:52:45,9.08,6,5448,1
14:52:42,9.07,183,165981,-1
14:52:39,9.07,38,34466,-1
14:52:33,9.08,49,44492,1
14:52:27,9.07,50,45350,-1
14:52:24,9.08,14,12712,1
14:52:21,9.08,81,73548,1
14:52:18,9.07,68,61676,-1
14:52:15,9.07,188,170516,1
14:52:12,9.07,44,39908,1
14:52:09,9.07,21,19047,1
14:52:06,9.07,6,5442,-1
14:52:03,9.07,13,11791,-1
14:52:00,9.06,168,152208,-1
14:51:57,9.08,258,234264,1
14:51:51,9.07,50,45350,1
14:51:48,9.07,10,9070,1
14:51:45,9.07,12,10884,1
14:51:42,9.07,82,74374,1
14:51:39,9.07,310,281170,-1
14:51:36,9.08,9,8172,1
14:51:33,9.06,2,1812,-1
14:51:30,9.08,186,168888,1
14:51:27,9.08,60,54480,1
14:51:24,9.06,937,848922,-1
14:51:21,9.07,11,9977,1
14:51:18,9.07,110,99770,-1
14:51:15,9.07,438,397266,-1
14:51:12,9.08,96,87168,1
14:51:09,9.08,54,49032,1
14:51:06,9.07,11,9977,-1
14:51:03,9.08,140,127120,1
14:51:00,9.06,66,59796,-1
14:50:57,9.08,131,118948,-1
14:50:54,9.08,210,190680,1
14:50:51,9.08,80,72640,1
14:50:48,9.08,35,31780,1
14:50:45,9.06,260,235560,-1
14:50:39,9.08,141,128028,1
14:50:36,9.06,102,92412,-1
14:50:33,9.06,34,30804,1
14:50:30,9.05,7,6335,-1
14:50:27,9.06,7,6342,1
14:50:24,9.05,231,209055,-1
14:50:21,9.06,406,367836,1
14:50:18,9.04,100,90399,-1
14:50:15,9.04,93,84071,-1
14:50:12,9.04,952,861502,1
14:50:09,9.03,79,71337,-1
14:50:06,9.04,265,239559,1
14:50:03,9.03,145,131756,-1
14:50:00,9.03,59,53276,-1
14:49:57,9.04,1990,1799610,1
14:49:54,9.04,217,196167,1
14:49:51,9.04,301,272104,1
14:49:48,9.03,55,49665,-1
14:49:45,9.03,771,696213,-1
14:49:42,9.04,107,96727,1
14:49:39,9.03,233,210398,-1
14:49:36,9.04,12,10847,1
14:49:33,9.03,320,288960,-1
14:49:30,9.04,379,342615,1
14:49:27,9.03,19,17157,-1
14:49:21,9.03,188,169764,-1
14:49:18,9.04,260,235039,1
14:49:15,9.03,222,200466,-1
14:49:12,9.03,10,9030,-1
14:49:09,9.04,145,131080,1
14:49:06,9.04,43,38871,1
14:49:03,9.03,137,123710,-1
14:49:00,9.03,145,130934,-1
14:48:57,9.03,16,14447,-1
14:48:54,9.03,328,296184,-1
14:48:51,9.04,29,26215,1
14:48:48,9.04,15,13559,1
14:48:45,9.04,151,136504,1
14:48:42,9.03,310,279930,-1
14:48:39,9.04,4,3615,1
14:48:36,9.04,1127,1018817,-1
14:48:33,9.04,200,180799,-1
14:48:30,9.04,444,401375,-1
14:48:27,9.05,42,38010,1
14:48:21,9.05,249,226240,1
14:48:18,9.05,1,905,1
14:48:15,9.05,51,46155,1
14:48:12,9.05,5,4525,1
14:48:09,9.04,70,63279,-1
14:48:06,9.05,110,99550,1
14:48:03,9.05,20,18100,1
14:48:00,9.04,182,164527,-1
14:47:57,9.04,18,16271,-1
14:47:54,9.04,47,42487,-1
14:47:51,9.04,10,9040,-1
14:47:48,9.04,63,56951,-1
14:47:45,9.05,112,101360,1
14:47:42,9.04,90,81359,-1
14:47:39,9.04,17,15367,-1
14:47:36,9.05,120,108600,1
14:47:33,9.04,51,46103,-1
14:47:24,9.04,63,56951,-1
14:47:21,9.05,18,16290,1
14:47:18,9.05,6,5430,1
14:47:15,9.05,1048,948693,-1
14:47:12,9.06,55,49830,1
14:47:09,9.05,69,62445,-1
14:47:06,9.05,534,483270,-1
14:47:03,9.06,15,13590,1
14:47:00,9.05,100,90500,-1
14:46:57,9.06,22,19932,1
14:46:54,9.05,70,63350,-1
14:46:51,9.06,35,31710,1
14:46:48,9.06,2,1812,1
14:46:45,9.05,108,97740,-1
14:46:42,9.05,20,18100,-1
14:46:39,9.05,77,69685,-1
14:46:36,9.05,508,459740,-1
14:46:33,9.06,296,268176,1
14:46:30,9.05,125,113125,-1
14:46:24,9.06,10,9060,1
14:46:21,9.06,56,50736,1
14:46:18,9.06,121,109626,1
14:46:15,9.06,29,26274,1
14:46:12,9.06,131,118686,1
14:46:03,9.06,50,45300,1
14:46:00,9.06,51,46206,-1
14:45:57,9.06,24,21744,1
14:45:54,9.05,149,134845,-1
14:45:51,9.05,140,126700,-1
14:45:48,9.06,35,31710,1
14:45:45,9.05,171,154755,-1
14:45:42,9.05,1,905,-1
14:45:39,9.06,122,110532,1
14:45:36,9.05,23,20815,-1
14:45:33,9.06,31,28086,-1
14:45:30,9.05,160,144800,-1
14:45:27,9.06,39,35334,-1
14:45:21,9.06,27,24462,0
14:45:18,9.07,10,9070,1
14:45:15,9.06,39,35334,1
14:45:12,9.06,21,19026,-1
14:45:09,9.06,40,36240,-1
14:45:06,9.06,1,906,0
14:45:03,9.05,100,91377,-1
14:45:00,9.06,225,204529,1
14:44:57,9.05,274,247970,-1
14:44:51,9.06,2,1812,1
14:44:48,9.05,42,38010,-1
14:44:45,9.06,15,13590,1
14:44:42,9.06,54,49150,-1
14:44:39,9.06,93,84258,-1
14:44:33,9.06,23,20838,-1
14:44:27,9.06,2,1812,-1
14:44:24,9.06,66,59796,-1
14:44:21,9.06,92,83352,-1
14:44:15,9.07,127,115189,1
14:44:12,9.07,9,8163,1
14:44:09,9.06,112,101472,-1
14:44:06,9.06,78,70668,-1
14:44:03,9.07,118,107026,1
14:44:00,9.07,53,48071,1
14:43:57,9.06,116,105096,-1
14:43:54,9.06,646,585276,-1
14:43:48,9.06,23,20838,-1
14:43:45,9.06,23,20838,-1
14:43:42,9.06,11,9966,-1
14:43:39,9.06,190,172819,1
14:43:36,9.06,48,43488,1
14:43:33,9.05,33,29865,-1
14:43:30,9.06,20,18120,1
14:43:27,9.06,8,7248,1
14:43:24,9.06,8,7248,1
14:43:21,9.06,101,91506,1
14:43:18,9.06,140,126840,1
14:43:15,9.06,685,620610,1
14:43:12,9.05,40,36200,-1
14:43:09,9.05,15,13575,-1
14:43:03,9.06,116,105096,1
14:43:00,9.05,70,63350,-1
14:42:57,9.06,180,163080,1
14:42:54,9.06,41,37146,1
14:42:48,9.06,92,83578,-1
14:42:45,9.07,24,21768,1
14:42:42,9.06,1717,1555602,-1
14:42:39,9.07,114,103398,1
14:42:36,9.06,17,15402,-1
14:42:33,9.06,19,17214,-1
14:42:30,9.07,435,394545,1
14:42:27,9.07,182,165074,1
14:42:24,9.06,55,49830,-1
14:42:21,9.07,32,29024,1
14:42:18,9.07,15,13605,0
14:42:15,9.06,510,462060,-1
14:42:09,9.07,312,282984,-1
14:42:06,9.07,917,831719,-1
14:42:03,9.08,21,19068,1
14:42:00,9.07,86,78002,-1
14:41:54,9.08,132,119856,1
14:41:51,9.08,120,108960,1
14:41:48,9.07,11,9977,-1
14:41:45,9.07,265,240355,-1
14:41:42,9.07,36,32652,-1
14:41:39,9.08,102,92616,1
14:41:30,9.08,54,49032,1
14:41:27,9.08,5,4540,1
14:41:24,9.08,41,37228,-1
14:41:21,9.08,71,64468,-1
14:41:18,9.09,5,4545,1
14:41:15,9.08,5,4540,-1
14:41:12,9.09,535,486315,1
14:41:09,9.08,30,27240,-1
14:41:06,9.09,2,1818,1
14:41:03,9.08,27,24516,-1
14:41:00,9.09,15,13635,1
14:40:54,9.08,95,86260,-1
14:40:51,9.08,11,9988,-1
14:40:48,9.08,84,76272,-1
14:40:42,9.08,617,560236,-1
14:40:39,9.09,18,16362,1
14:40:27,9.08,175,158900,-1
14:40:18,9.08,18,16344,1
14:40:15,9.08,9,8172,1
14:40:12,9.08,30,27240,1
14:40:09,9.07,109,98863,-1
14:40:06,9.08,16,14528,1
14:40:03,9.08,57,51756,1
14:40:00,9.07,46,41722,-1
14:39:57,9.07,86,78002,-1
14:39:54,9.08,17,15436,1
14:39:48,9.08,15,13620,1
14:39:45,9.08,10,9080,1
14:39:42,9.08,3,2724,1
14:39:39,9.07,80,72560,-1
14:39:36,9.07,246,223122,-1
14:39:33,9.08,40,37001,1
14:39:30,9.08,96,87168,1
14:39:27,9.07,648,587736,-1
14:39:21,9.07,6,5442,-1
14:39:18,9.08,30,27240,1
14:39:12,9.07,52,47164,-1
14:39:09,9.07,2,1814,-1
14:39:06,9.07,161,146027,-1
14:39:03,9.08,53,48124,1
14:39:00,9.08,19,17252,1
14:38:57,9.07,718,651226,-1
14:38:54,9.08,11,9988,1
14:38:51,9.07,111,100677,-1
14:38:45,9.08,110,99880,1
14:38:42,9.07,14,12698,-1
14:38:39,9.08,14,12712,1
14:38:36,9.08,5,4540,1
14:38:33,9.08,215,195447,-1
14:38:30,9.08,66,59928,-1
14:38:27,9.08,160,145280,-1
14:38:24,9.08,251,227908,-1
14:38:21,9.08,119,108052,-1
14:38:18,9.08,100,90800,-1
14:38:15,9.08,20,18160,-1
14:38:12,9.08,11,9988,-1
14:38:09,9.08,91,82628,-1
14:38:06,9.08,309,280572,-1
14:37:51,9.08,24,21792,-1
14:37:45,9.08,33,29964,-1
14:37:42,9.09,20,18180,1
14:37:39,9.08,40,36320,-1
14:37:33,9.09,40,36360,1
14:37:24,9.09,22,19998,1
14:37:21,9.09,24,21816,1
14:37:18,9.09,110,99990,1
14:37:15,9.09,79,71811,1
14:37:12,9.09,8,7272,1
14:37:09,9.09,209,189981,-1
14:37:06,9.1,15,13650,1
14:37:03,9.09,34,30906,-1
14:37:00,9.09,123,111807,-1
14:36:57,9.1,5,4550,1
14:36:54,9.1,28,25480,1
14:36:42,9.09,21,19089,-1
14:36:39,9.1,30,27300,1
14:36:30,9.1,5,4550,1
14:36:27,9.1,55,50050,1
14:36:24,9.09,30,27270,-1
14:36:18,9.1,15,13650,1
14:36:06,9.09,38,34542,-1
14:35:57,9.09,23,20907,-1
14:35:54,9.1,25,22750,1
14:35:51,9.1,31,28210,1
14:35:48,9.1,126,114660,1
14:35:45,9.1,118,107380,1
14:35:42,9.1,10,9100,1
14:35:36,9.09,1,909,-1
14:35:33,9.09,36,32724,-1
14:35:27,9.09,1,909,-1
14:35:24,9.09,29,26361,0
14:35:15,9.08,425,385900,-1
14:35:12,9.09,35,31815,1
14:35:09,9.09,77,69993,1
14:35:03,9.09,10,9090,1
14:35:00,9.09,56,50904,-1
14:34:57,9.1,14,12740,1
14:34:54,9.1,4,3640,1
14:34:51,9.1,22,20020,1
14:34:48,9.08,500,454000,-1
14:34:45,9.1,67,60970,1
14:34:39,9.09,11,9999,-1
14:34:36,9.09,20,18180,0
14:34:33,9.08,510,463080,-1
14:34:30,9.09,25,22725,-1
14:34:27,9.09,16,14544,-1
14:34:24,9.09,35,31815,-1
14:34:12,9.09,19,18170,-1
14:34:09,9.09,58,52722,-1
14:34:06,9.09,77,69993,-1
14:34:03,9.1,31,28210,1
14:34:00,9.09,66,59994,-1
14:33:57,9.1,5,4550,1
14:33:51,9.1,50,45500,1
14:33:48,9.09,54,49086,-1
14:33:45,9.09,25,22725,-1
14:33:42,9.08,505,458540,-1
14:33:36,9.1,36,32760,1
14:33:33,9.08,244,221552,-1
14:33:30,9.09,71,64539,-1
14:33:27,9.09,30,27270,-1
14:33:24,9.09,280,255410,1
14:33:21,9.08,50,45400,-1
14:33:18,9.09,50,45450,1
14:33:15,9.09,30,27270,1
14:33:12,9.09,17,15453,1
14:33:09,9.09,104,94536,1
14:33:06,9.08,12,10896,-1
14:33:03,9.08,57,51756,-1
14:33:00,9.08,14,12712,-1
14:32:51,9.08,153,139632,-1
14:32:48,9.09,20,18180,1
14:32:42,9.09,87,79083,1
14:32:39,9.09,310,281790,1
14:32:36,9.08,550,499400,-1
14:32:33,9.09,23,20907,1
14:32:30,9.09,21,19089,1
14:32:24,9.09,1,909,1
14:32:21,9.09,6,5454,1
14:32:18,9.09,740,672660,-1
14:32:15,9.1,500,455000,1
14:32:09,9.1,1,910,1
14:32:06,9.09,186,169074,-1
14:32:03,9.1,21,19110,1
14:32:00,9.1,92,83720,1
14:31:57,9.09,1,909,-1
14:31:54,9.1,2,1820,1
14:31:51,9.1,1,910,1
14:31:48,9.1,1222,1112038,-1
14:31:42,9.11,21,19131,1
14:31:39,9.11,9,8199,0
14:31:36,9.1,235,213850,-1
14:31:33,9.11,10,9110,-1
14:31:30,9.11,186,169446,1
14:31:24,9.1,1,910,-1
14:31:18,9.1,228,207480,-1
14:31:15,9.1,222,202020,-1
14:31:12,9.11,5,4555,1
14:31:09,9.11,5,4555,1
14:31:06,9.11,22,20042,1
14:31:03,9.1,468,425880,-1
14:30:57,9.1,5,4550,-1
14:30:54,9.11,15,13665,1
14:30:51,9.1,10,9100,-1
14:30:48,9.11,30,27330,1
14:30:42,9.11,12,10932,1
14:30:36,9.1,1,910,-1
14:30:33,9.11,4,3644,1
14:30:27,9.1,1,910,-1
14:30:24,9.11,10,9110,1
14:30:21,9.11,20,18220,1
14:30:18,9.11,36,33342,-1
14:30:15,9.12,100,91199,1
14:30:06,9.12,15,13679,1
14:30:03,9.11,149,136103,1
14:29:57,9.11,885,806781,-1
14:29:51,9.12,5,4560,1
14:29:48,9.12,6,5471,1
14:29:45,9.12,31,29074,-1
14:29:36,9.12,30,27359,-1
14:29:33,9.12,198,180685,1
14:29:27,9.11,8,7288,-1
14:29:18,9.12,5,4560,1
14:29:12,9.12,11,10032,1
14:29:09,9.11,29,26419,-1
14:29:00,9.11,301,274211,-1
14:28:57,9.12,2,1823,1
14:28:54,9.11,1,911,-1
14:28:51,9.12,10,9120,1
14:28:48,9.11,149,136230,-1
14:28:45,9.11,62,56482,-1
14:28:42,9.11,177,161247,-1
14:28:39,9.12,10,9120,1
14:28:36,9.12,4,3647,1
14:28:33,9.12,53,48335,1
14:28:30,9.12,53,49138,-1
14:28:27,9.12,111,101231,-1
14:28:21,9.12,15,13679,-1
14:28:18,9.12,5,4560,-1
14:28:09,9.12,30,27359,-1
14:28:03,9.12,13,11855,-1
14:28:00,9.12,70,63839,-1
14:27:57,9.12,49,44687,-1
14:27:48,9.13,5,4565,1
14:27:42,9.12,26,23711,-1
14:27:21,9.12,15,13679,-1
14:27:18,9.13,40,36520,1
14:27:12,9.13,197,179861,-1
14:27:03,9.13,960,876480,-1
14:27:00,9.14,4,3656,1
14:26:57,9.13,6,5478,-1
14:26:54,9.13,50,45650,-1
14:26:51,9.14,23,21022,1
14:26:45,9.14,50,45700,0
14:26:39,9.15,62,56730,1
14:26:36,9.14,16,14624,-1
14:26:33,9.14,3,2742,-1
14:26:27,9.14,8,7312,1
14:26:24,9.13,6,5478,-1
14:26:21,9.14,2,1828,0
14:26:15,9.15,12,10980,1
14:26:06,9.13,1072,978736,-1
14:26:03,9.15,123,112545,1
14:26:00,9.14,5,4570,-1
14:25:54,9.14,1,914,-1
14:25:51,9.15,300,274500,1
14:25:48,9.15,10,9150,1
14:25:45,9.14,16,14624,-1
14:25:39,9.14,20,18280,-1
14:25:30,9.15,3,2745,1
14:25:27,9.14,26,23764,-1
14:25:24,9.15,10,9150,1
14:25:18,9.15,23,21045,1
14:25:12,9.15,20,18300,1
14:25:09,9.15,6,5490,1
14:25:06,9.15,10,9150,1
14:25:03,9.14,22,20108,-1
14:25:00,9.14,65,59410,-1
14:24:57,9.14,5,4570,-1
14:24:54,9.14,17,15538,-1
14:24:48,9.15,190,173850,1
14:24:39,9.15,36,32940,1
14:24:33,9.15,10,9150,1
14:24:30,9.14,175,159950,-1
14:24:27,9.15,6,5490,1
14:24:24,9.15,13,11895,1
14:24:21,9.15,37,33855,1
14:24:15,9.15,58,53070,1
14:24:12,9.15,20,18300,1
14:24:03,9.14,100,91400,-1
14:23:48,9.14,4,3656,-1
14:23:45,9.15,9,8235,1
14:23:42,9.15,10,9150,1
14:23:39,9.15,41,37515,1
14:23:33,9.15,100,91500,1
14:23:27,9.15,186,170190,1
14:23:24,9.15,15,13725,1
14:23:21,9.14,1,914,-1
14:23:12,9.15,10,9150,1
14:23:09,9.15,67,61305,1
14:23:00,9.15,11,10065,1
14:22:54,9.15,2,1830,1
14:22:51,9.15,60,54900,1
14:22:48,9.15,10,9150,1
14:22:45,9.15,17,15555,1
14:22:42,9.15,2,1830,1
14:22:39,9.15,1,915,1
14:22:36,9.15,11,10065,1
14:22:30,9.15,35,32025,1
14:22:21,9.15,20,18300,1
14:22:12,9.14,11,10054,-1
14:22:00,9.14,39,35646,1
14:21:57,9.13,1,913,-1
14:21:54,9.13,186,169818,-1
14:21:51,9.15,113,103395,1
14:21:45,9.14,10,9140,1
14:21:39,9.14,55,50270,-1
14:21:36,9.14,292,266888,-1
14:21:33,9.15,277,253455,1
14:21:30,9.15,20,18300,1
14:21:27,9.14,4,3656,-1
14:21:24,9.14,27,24678,-1
14:21:21,9.14,4,3656,-1
14:21:12,9.14,37,33818,1
14:21:09,9.14,501,457914,1
14:21:06,9.13,48,43824,-1
14:21:03,9.14,50,45700,1
14:20:57,9.14,11,10054,1
14:20:51,9.14,98,89572,1
14:20:48,9.14,53,48442,1
14:20:45,9.14,20,18280,1
14:20:42,9.14,16,14624,1
14:20:39,9.14,21,19194,1
14:20:27,9.14,500,457000,1
14:20:21,9.14,350,319900,1
14:20:09,9.13,20,18260,-1
14:19:57,9.13,12,10956,-1
14:19:54,9.13,7,6391,-1
14:19:45,9.13,12,10956,-1
14:19:42,9.13,7,6391,-1
14:19:36,9.13,6,5478,-1
14:19:33,9.14,41,37474,1
14:19:27,9.13,11,10043,-1
14:19:21,9.14,130,118820,1
14:19:18,9.13,12,10956,-1
14:19:15,9.13,1,913,-1
14:19:06,9.13,6,5478,-1
14:19:00,9.13,25,22825,-1
14:18:57,9.12,46,41952,-1
14:18:51,9.14,453,414946,1
14:18:48,9.12,105,95759,-1
14:18:45,9.13,32,29216,1
14:18:39,9.13,4,3652,1
14:18:36,9.13,10,9130,1
14:18:33,9.12,12,10943,-1
14:18:24,9.13,12,10956,1
14:18:21,9.12,312,284544,-1
14:18:18,9.12,3,2735,-1
14:18:15,9.13,20,18260,1
14:18:03,9.13,30,27390,1
14:17:57,9.12,4,3647,-1
14:17:54,9.13,785,716705,1
14:17:51,9.12,9,8208,-1
14:17:48,9.13,24,21912,1
14:17:45,9.13,60,54780,1
14:17:42,9.13,210,191730,-1
14:17:39,9.13,471,430023,-1
14:17:33,9.13,100,91300,-1
14:17:30,9.13,41,37433,-1
14:17:27,9.13,29,26477,-1
14:17:15,9.13,176,160688,-1
14:17:12,9.13,381,347853,1
14:17:09,9.12,0,54,-1
14:17:06,9.13,3,2739,1
14:16:54,9.12,1,911,-1
14:16:51,9.13,1,913,1
14:16:48,9.12,37,33744,-1
14:16:45,9.13,41,37433,-1
14:16:42,9.13,8,7304,0
14:16:36,9.12,556,507071,-1
14:16:30,9.14,109,99626,1
14:16:24,9.13,6,5478,-1
14:16:21,9.13,7,6391,1
14:16:18,9.13,560,511280,1
14:16:15,9.13,2,1826,-1
14:16:12,9.13,1,913,1
14:16:06,9.12,2,1823,-1
14:16:03,9.13,2,1826,1
14:15:54,9.13,11,10043,1
14:15:48,9.13,11,10043,1
14:15:45,9.13,38,34694,-1
14:15:42,9.13,20,18260,1
14:15:39,9.13,11,10043,1
14:15:36,9.13,42,38346,1
14:15:33,9.13,61,55693,-1
14:15:24,9.14,21,19194,1
14:15:21,9.13,4,3652,-1
14:15:12,9.13,29,26477,1
14:15:09,9.13,104,94952,1
14:15:06,9.13,30,27390,1
14:15:00,9.13,870,794310,-1
14:14:57,9.14,33,30162,1
14:14:54,9.13,106,96778,-1
14:14:48,9.13,102,93126,-1
14:14:45,9.13,62,56606,-1
14:14:39,9.13,200,182600,1
14:14:36,9.13,10,9130,1
14:14:33,9.12,8,7295,-1
14:14:30,9.13,37,33781,1
14:14:27,9.13,43,39259,1
14:14:24,9.13,9,8217,1
14:14:21,9.13,29,26477,-1
14:14:15,9.13,1,913,-1
14:14:12,9.13,7,6391,-1
14:14:09,9.13,22,20086,1
14:14:03,9.13,8,7304,-1
14:13:57,9.12,50,45599,-1
14:13:54,9.13,1,913,-1
14:13:45,9.13,41,37496,1
14:13:42,9.13,5,4565,1
14:13:39,9.13,157,143341,1
14:13:36,9.13,238,217294,1
14:13:30,9.12,25,22799,-1
14:13:18,9.12,144,131328,-1
14:13:12,9.12,13,11855,-1
14:13:06,9.12,7,6383,0
14:12:57,9.13,40,36520,1
14:12:51,9.12,63,57455,1
14:12:48,9.12,6,5471,1
14:12:45,9.12,9,8208,0
14:12:39,9.13,22,20086,1
14:12:36,9.12,2,1823,1
14:12:33,9.12,15,14528,-1
14:12:27,9.13,92,83996,1
14:12:24,9.13,86,78518,1
14:12:21,9.12,549,500687,-1
14:12:18,9.13,303,276639,1
14:12:15,9.13,71,64823,1
14:12:09,9.13,1158,1057254,1
14:12:03,9.13,2,1826,1
14:12:00,9.13,28,25564,1
14:11:51,9.13,3,2739,1
14:11:48,9.13,521,475673,1
14:11:45,9.13,12,10956,1
14:11:39,9.13,5,4565,1
14:11:36,9.13,30,27390,1
14:11:30,9.12,6,5471,-1
14:11:27,9.13,15,13695,1
14:11:24,9.13,2,1826,1
14:11:21,9.12,8,7295,-1
14:11:15,9.13,5,4565,1
14:11:06,9.12,15,13679,-1
14:11:03,9.12,14,12767,-1
14:11:00,9.13,4,3652,1
14:10:57,9.12,92,83904,-1
14:10:54,9.13,1,913,1
14:10:51,9.12,27,24623,-1
14:10:45,9.13,64,58432,1
14:10:39,9.12,13,11855,-1
14:10:33,9.12,1,911,-1
14:10:30,9.12,12,10943,-1
14:10:27,9.12,170,155103,1
14:10:24,9.11,11,10021,-1
14:10:21,9.11,149,135739,-1
14:10:18,9.12,1,911,1
14:10:15,9.11,1,911,-1
14:10:12,9.12,32,29183,1
14:10:09,9.12,6,5471,1
14:10:06,9.11,40,36440,-1
14:10:03,9.12,2,1823,1
14:09:57,9.11,2,1822,-1
14:09:54,9.12,26,23711,1
14:09:51,9.11,2,1822,-1
14:09:48,9.12,10,9120,1
14:09:45,9.11,156,142963,-1
14:09:39,9.12,21,19206,1
14:09:36,9.12,15,13679,1
14:09:33,9.12,539,491567,1
14:09:30,9.11,7,6377,-1
14:09:27,9.12,1,911,1
14:09:21,9.11,5,4555,-1
14:09:15,9.11,16,14576,-1
14:09:12,9.12,14,13616,-1
14:09:09,9.12,285,259983,1
14:09:06,9.12,35,31919,1
14:09:03,9.11,537,489999,-1
14:09:00,9.12,103,93935,1
14:08:57,9.12,550,501599,1
14:08:54,9.12,15,13679,1
14:08:51,9.12,570,519839,1
14:08:48,9.12,1,911,1
14:08:42,9.11,8,7288,-1
14:08:39,9.12,301,274512,1
14:08:36,9.11,32,29152,-1
14:08:30,9.12,4,3647,1
14:08:27,9.12,75,68400,1
14:08:24,9.12,1,911,1
14:08:15,9.12,186,169632,1
14:08:12,9.12,15,13679,1
14:08:06,9.12,5,4560,1
14:08:03,9.12,5,4560,1
14:08:00,9.12,90,82080,1
14:07:57,9.11,28,25508,-1
14:07:54,9.12,23,20976,1
14:07:51,9.12,52,47423,1
14:07:48,9.12,21,19152,1
14:07:42,9.11,11,10021,-1
14:07:39,9.11,10,9110,-1
14:07:33,9.12,33,30095,1
14:07:30,9.12,20,18240,1
14:07:24,9.12,22,20064,1
14:07:18,9.12,21,19152,1
14:07:15,9.12,1,911,1
14:07:09,9.12,2,1823,1
14:07:06,9.12,19,17328,1
14:07:03,9.12,5,4560,1
14:07:00,9.12,13,11855,1
14:06:57,9.12,4,3647,1
14:06:54,9.11,50,45550,-1
14:06:51,9.12,1,911,1
14:06:48,9.11,312,284232,-1
14:06:42,9.11,11,10021,-1
14:06:39,9.12,4,3647,1
14:06:36,9.11,15,13665,-1
14:06:33,9.12,15,13679,1
14:06:30,9.11,4,3644,-1
14:06:24,9.11,53,48283,-1
14:06:18,9.11,6,5466,1
14:06:15,9.11,20,18220,1
14:06:12,9.11,114,103854,1
14:06:09,9.11,15,13665,-1
14:06:06,9.11,310,282410,-1
14:06:00,9.12,63,57455,1
14:05:57,9.12,137,124943,1
14:05:54,9.12,1,911,1
14:05:51,9.12,65,59279,1
14:05:48,9.11,24,21864,-1
14:05:45,9.12,20,18240,1
14:05:42,9.12,30,27359,1
14:05:24,9.11,10,9110,-1
14:05:21,9.12,1,911,1
14:05:18,9.12,9,8208,1
14:05:15,9.12,10,9120,1
14:05:12,9.12,29,26447,1
14:05:09,9.11,17,15486,-1
14:05:06,9.12,67,61103,1
14:05:03,9.11,11,10021,-1
14:05:00,9.11,49,44639,1
14:04:57,9.11,48,43728,1
14:04:51,9.11,43,39173,1
14:04:45,9.11,8,7288,1
14:04:42,9.11,135,122984,1
14:04:39,9.1,49,44590,-1
14:04:33,9.11,6,5466,1
14:04:30,9.11,1,911,1
14:04:27,9.1,50,45500,-1
14:04:21,9.11,20,18220,1
14:04:03,9.11,13,11843,1
14:04:00,9.11,10,9110,1
14:03:57,9.1,18,16380,-1
14:03:54,9.11,1,911,1
14:03:51,9.1,1,910,-1
14:03:48,9.11,14,12754,1
14:03:45,9.11,7,6377,1
14:03:42,9.11,100,91100,1
14:03:39,9.11,59,53749,1
14:03:36,9.11,160,145760,1
14:03:27,9.11,60,54660,1
14:03:24,9.11,150,136650,-1
14:03:18,9.11,18,16398,-1
14:03:15,9.11,304,276944,1
14:03:12,9.11,127,115697,1
14:03:06,9.1,97,88270,-1
14:03:00,9.1,87,79170,-1
14:02:57,9.11,10,9110,1
14:02:54,9.1,1,910,-1
14:02:51,9.1,40,36400,-1
14:02:48,9.11,60,54660,0
14:02:39,9.12,4,3647,1
14:02:36,9.11,22,20798,-1
14:02:33,9.12,100,91199,1
14:02:30,9.11,19,17309,-1
14:02:18,9.11,45,41149,1
14:02:15,9.11,2,1822,1
14:02:12,9.1,50,45500,-1
14:02:09,9.11,57,51927,1
14:02:06,9.11,1,911,1
14:02:00,9.1,52,47320,-1
14:01:54,9.11,5,4555,1
14:01:51,9.1,12,10920,-1
14:01:45,9.1,60,54600,-1
14:01:42,9.1,111,101010,-1
14:01:39,9.11,513,467342,1
14:01:36,9.1,25,22750,-1
14:01:33,9.11,10,9110,1
14:01:27,9.1,1,910,-1
14:01:24,9.11,5,4555,1
14:01:18,9.1,1,910,-1
14:01:12,9.1,11,10010,-1
14:01:09,9.11,32,29152,1
14:01:00,9.11,16,14576,1
14:00:54,9.11,31,29142,1
14:00:51,9.11,13,11843,1
14:00:45,9.11,10,9110,1
14:00:42,9.1,12,10920,-1
14:00:30,9.1,656,597715,-1
14:00:27,9.13,1,913,1
14:00:24,9.12,220,200639,-1
14:00:21,9.13,25,22825,1
14:00:12,9.12,212,193343,-1
14:00:09,9.13,18,16434,1
14:00:06,9.13,21,19173,1
14:00:03,9.12,33,30095,-1
14:00:00,9.12,50,45599,-1
13:59:51,9.12,8,7295,-1
13:59:48,9.12,72,65664,-1
13:59:45,9.12,17,15503,-1
13:59:42,9.12,3,2735,-1
13:59:39,9.12,147,134064,-1
13:59:36,9.12,143,130716,1
13:59:30,9.11,50,45550,-1
13:59:27,9.12,2,1823,1
13:59:24,9.11,27,24597,-1
13:59:12,9.12,50,45599,1
13:59:03,9.11,27,24597,-1
13:59:00,9.12,60,54719,1
13:58:51,9.11,1,911,-1
13:58:48,9.12,503,459502,1
13:58:42,9.12,4,3647,1
13:58:30,9.11,1,911,-1
13:58:27,9.12,338,308867,-1
13:58:24,9.13,16,14608,1
13:58:18,9.12,10,9120,-1
13:58:15,9.12,1,911,-1
13:58:09,9.12,22,20064,-1
13:58:03,9.13,6,5478,1
13:58:00,9.12,40,36480,-1
13:57:57,9.12,1,911,-1
13:57:54,9.13,8,7304,1
13:57:51,9.13,20,18260,1
13:57:45,9.13,23,20999,1
13:57:42,9.12,11,10032,-1
13:57:39,9.13,5,4565,1
13:57:36,9.13,10,9130,1
13:57:33,9.12,74,67488,-1
13:57:21,9.13,105,95865,1
13:57:18,9.13,105,95865,1
13:57:15,9.12,110,100319,-1
13:57:12,9.13,49,44737,1
13:57:09,9.12,12,10943,-1
13:57:06,9.13,5,4565,1
13:56:57,9.13,26,23738,1
13:56:54,9.12,98,89375,-1
13:56:51,9.12,188,171455,-1
13:56:45,9.12,142,129503,-1
13:56:39,9.12,5,4560,-1
13:56:36,9.13,113,103935,1
13:56:33,9.13,10,9130,1
13:56:30,9.13,1,913,1
13:56:27,9.13,27,24651,1
13:56:18,9.13,76,69388,1
13:56:15,9.13,14,12782,1
13:56:06,9.13,10,9130,1
13:56:03,9.12,11,10032,-1
13:55:57,9.13,5,4565,1
13:55:54,9.13,110,100430,1
13:55:45,9.12,1,911,-1
13:55:39,9.12,5,4560,-1
13:55:33,9.13,20,18260,1
13:55:27,9.13,116,105908,-1
13:55:21,9.13,4,3652,-1
13:55:18,9.13,161,146993,-1
13:55:15,9.14,30,27420,1
13:55:09,9.13,3,2739,-1
13:55:06,9.13,20,18260,-1
13:55:03,9.13,1,913,-1
13:55:00,9.14,10,9140,1
13:54:54,9.13,9,8217,-1
13:54:51,9.14,20,18280,1
13:54:45,9.13,1,913,-1
13:54:42,9.13,40,36520,-1
13:54:39,9.13,16,14608,-1
13:54:36,9.13,20,18260,-1
13:54:33,9.14,42,38388,1
13:54:27,9.13,1,913,-1
13:54:24,9.14,44,40216,1
13:54:21,9.14,117,106938,1
13:54:18,9.13,3,2739,1
13:54:12,9.12,42,38304,-1
13:54:09,9.14,20,18280,1
13:54:06,9.13,20,18260,-1
13:54:03,9.13,132,120516,-1
13:53:57,9.13,131,119603,1
13:53:54,9.13,20,18260,1
13:53:51,9.12,2,1823,-1
13:53:48,9.13,20,18260,1
13:53:45,9.13,50,45650,1
13:53:42,9.12,30,27359,-1
13:53:36,9.13,44,40172,1
13:53:33,9.14,515,470710,1
13:53:30,9.13,140,127820,1
13:53:27,9.12,61,55631,-1
13:53:21,9.13,20,18260,1
13:53:18,9.12,20,18240,-1
13:53:15,9.13,593,541409,-1
13:53:12,9.13,10,9130,-1
13:53:09,9.13,10,9130,-1
13:53:06,9.13,50,45650,-1
13:53:03,9.13,126,115038,1
13:53:00,9.13,44,40172,1
13:52:57,9.13,16,14608,1
13:52:51,9.13,9,8217,1
13:52:48,9.12,133,121295,-1
13:52:45,9.13,48,43824,1
13:52:42,9.12,72,65664,-1
13:52:39,9.13,179,163427,1
13:52:36,9.13,10,9130,1
13:52:33,9.12,18,16416,-1
13:52:27,9.12,135,123119,-1
13:52:24,9.13,385,351952,1
13:52:21,9.11,16,14576,-1
13:52:18,9.12,60,54719,1
13:52:15,9.11,25,22775,-1
13:52:12,9.11,33,30062,-1
13:52:09,9.11,300,273300,1
13:52:06,9.11,4,3644,1
13:52:03,9.1,220,200200,-1
13:52:00,9.1,393,357630,-1
13:51:57,9.1,10,9100,-1
13:51:54,9.1,29,26390,-1
13:51:51,9.1,35,31850,-1
13:51:45,9.11,1,911,1
13:51:42,9.11,10,9110,1
13:51:39,9.11,210,191310,-1
13:51:36,9.11,92,83812,-1
13:51:27,9.11,50,45550,-1
13:51:24,9.11,25,22775,-1
13:51:21,9.11,269,245058,1
13:51:18,9.11,43,39173,1
13:51:15,9.11,16,14576,1
13:51:09,9.1,29,27290,-1
13:51:03,9.11,23,20953,1
13:51:00,9.11,37,33707,1
13:50:57,9.11,28,25508,1
13:50:54,9.11,4,3644,1
13:50:51,9.1,122,111020,-1
13:50:48,9.11,132,120251,-1
13:50:45,9.11,15,13665,-1
13:50:42,9.11,25,22775,-1
13:50:36,9.11,10,9110,-1
13:50:30,9.11,30,27330,-1
13:50:27,9.12,46,41952,1
13:50:24,9.11,11,10021,-1
13:50:21,9.11,500,455500,-1
13:50:18,9.12,8,7295,1
13:50:15,9.12,14,12767,1
13:50:12,9.12,148,134976,1
13:50:06,9.12,80,72960,1
13:50:03,9.11,1,911,-1
13:50:00,9.11,78,71058,-1
13:49:51,9.11,9,8199,-1
13:49:48,9.11,124,112964,-1
13:49:45,9.11,4,3644,-1
13:49:42,9.12,5,4560,1
13:49:33,9.11,206,187666,1
13:49:27,9.1,8,7280,-1
13:49:24,9.1,20,18200,-1
13:49:21,9.1,12,10920,-1
13:49:18,9.1,5,4550,-1
13:49:12,9.09,234,213560,-1
13:49:09,9.09,227,206343,-1
13:49:03,9.1,25,22750,1
13:49:00,9.1,6,5460,1
13:48:57,9.09,68,61812,-1
13:48:54,9.1,2,1820,1
13:48:51,9.1,40,36400,1
13:48:48,9.1,404,367640,1
13:48:45,9.1,102,92820,1
13:48:42,9.09,6,5454,-1
13:48:39,9.1,15,13650,1
13:48:36,9.1,1,910,1
13:48:33,9.1,21,19164,-1
13:48:30,9.1,304,276640,-1
13:48:27,9.1,20,18200,-1
13:48:21,9.1,55,50050,-1
13:48:18,9.1,216,196560,-1
13:48:15,9.1,83,75530,-1
13:48:12,9.1,380,345800,-1
13:48:09,9.1,3,2730,-1
13:48:06,9.1,1,910,-1
13:48:03,9.1,24,22695,-1
13:48:00,9.1,201,182910,-1
13:47:57,9.11,91,82901,1
13:47:51,9.1,851,774410,-1
13:47:48,9.1,7,6370,-1
13:47:45,9.1,20,18200,-1
13:47:42,9.1,30,27300,-1
13:47:36,9.1,45,40950,-1
13:47:33,9.1,381,346710,-1
13:47:27,9.1,79,71890,-1
13:47:24,9.1,12,10920,-1
13:47:18,9.1,10,9100,-1
13:47:12,9.11,30,27330,1
13:47:09,9.11,100,91100,1
13:47:06,9.1,168,152880,-1
13:47:03,9.11,59,53749,1
13:47:00,9.11,60,54660,1
13:46:54,9.11,914,832654,-1
13:46:48,9.12,53,48335,1
13:46:45,9.12,54,49247,1
13:46:42,9.12,68,62015,1
13:46:39,9.12,324,295861,-1
13:46:36,9.13,5,4565,1
13:46:30,9.12,15,13679,-1
13:46:24,9.12,11,10032,-1
13:46:21,9.12,28,25535,-1
13:46:18,9.12,27,24623,-1
13:46:15,9.13,198,180774,1
13:46:12,9.12,258,235295,-1
13:46:09,9.13,142,129646,1
13:46:06,9.12,1,911,-1
13:46:03,9.12,213,194255,-1
13:46:00,9.13,9,8217,1
13:45:57,9.12,127,115823,-1
13:45:51,9.12,15,13679,-1
13:45:48,9.12,16,14591,-1
13:45:45,9.12,13,11855,-1
13:45:42,9.12,74,67488,-1
13:45:39,9.12,2,1823,-1
13:45:36,9.13,150,136950,1
13:45:30,9.12,56,51071,-1
13:45:27,9.13,44,40172,1
13:45:21,9.12,248,226175,-1
13:45:18,9.12,406,370271,-1
13:45:15,9.12,13,11855,-1
13:45:09,9.13,53,48389,1
13:45:06,9.13,14,12782,1
13:45:03,9.13,54,49302,1
13:44:54,9.12,94,85727,-1
13:44:51,9.13,28,25564,1
13:44:48,9.12,5,4560,-1
13:44:45,9.12,149,135888,-1
13:44:42,9.12,101,92111,-1
13:44:39,9.12,2,1823,-1
13:44:36,9.12,12,10943,-1
13:44:33,9.12,4,3647,-1
13:44:27,9.13,120,109560,1
13:44:24,9.12,300,273600,-1
13:44:18,9.12,38,34656,-1
13:44:15,9.12,80,72960,-1
13:44:12,9.13,97,88561,1
13:44:09,9.13,49,44737,1
13:44:06,9.12,124,113087,-1
13:44:00,9.13,9,8217,1
13:43:57,9.12,60,54719,-1
13:43:54,9.12,56,51071,-1
13:43:51,9.13,44,40172,1
13:43:45,9.12,1,911,-1
13:43:42,9.12,311,283632,-1
13:43:33,9.14,32,29248,1
13:43:30,9.14,61,55754,1
13:43:27,9.13,45,41085,-1
13:43:24,9.13,30,27390,-1
13:43:21,9.13,20,18260,-1
13:43:09,9.13,5,4565,-1
13:43:06,9.14,102,93228,1
13:43:03,9.13,177,161601,-1
13:43:00,9.13,50,45650,-1
13:42:57,9.13,34,31042,-1
13:42:54,9.13,84,76692,-1
13:42:51,9.14,213,194682,1
13:42:48,9.14,110,100540,1
13:42:45,9.13,265,241945,-1
13:42:42,9.13,114,104082,-1
13:42:39,9.13,30,27390,-1
13:42:36,9.13,10,9130,-1
13:42:30,9.13,1,913,-1
13:42:27,9.13,17,15521,-1
13:42:24,9.13,7,6391,-1
13:42:18,9.13,28,25564,-1
13:42:15,9.13,19,17347,-1
13:42:12,9.13,1,913,-1
13:42:09,9.13,30,27390,-1
13:42:06,9.14,20,18280,1
13:42:03,9.13,30,27390,-1
13:41:57,9.13,8,7304,-1
13:41:54,9.13,30,27390,-1
13:41:48,9.13,1,913,-1
13:41:39,9.14,11,10054,1
13:41:36,9.14,7,7019,-1
13:41:33,9.14,42,38388,-1
13:41:30,9.14,25,22850,-1
13:41:27,9.14,275,251642,1
13:41:24,9.14,8,7312,1
13:41:21,9.14,508,464933,-1
13:41:18,9.15,30,27450,1
13:41:15,9.14,226,206564,-1
13:41:12,9.14,40,36560,-1
13:41:09,9.14,56,51184,-1
13:41:06,9.14,94,85916,-1
13:41:00,9.14,15,13710,-1
13:40:57,9.14,5,4570,-1
13:40:54,9.15,20,18300,1
13:40:51,9.15,4,3660,1
13:40:48,9.14,40,36560,-1
13:40:45,9.14,200,182800,-1
13:40:42,9.14,112,102368,-1
13:40:36,9.14,134,122476,-1
13:40:30,9.14,211,192854,-1
13:40:24,9.14,499,456378,-1
13:40:21,9.15,20,18300,1
13:40:18,9.15,52,47580,1
13:40:15,9.14,4,3656,-1
13:40:12,9.15,20,18300,1
13:40:09,9.15,44,40260,1
13:40:06,9.15,4,3660,1
13:40:00,9.15,1,915,1
13:39:57,9.15,130,118968,-1
13:39:54,9.15,11,10065,-1
13:39:51,9.15,29,26535,-1
13:39:48,9.15,221,202215,-1
13:39:45,9.16,5,4580,1
13:39:39,9.15,18,16470,-1
13:39:36,9.15,67,61305,-1
13:39:33,9.15,3,2745,-1
13:39:30,9.15,15,13725,-1
13:39:27,9.15,20,18300,-1
13:39:24,9.15,1,915,-1
13:39:21,9.15,5,5471,-1
13:39:15,9.15,8,7320,-1
13:39:09,9.15,61,55815,-1
13:39:03,9.15,18,16470,-1
13:39:00,9.15,14,12810,-1
13:38:54,9.15,108,98820,-1
13:38:51,9.15,42,38430,-1
13:38:48,9.15,237,216855,-1
13:38:42,9.15,15,13725,-1
13:38:36,9.16,135,123660,1
13:38:33,9.15,22,20130,-1
13:38:27,9.15,5,4575,-1
13:38:21,9.15,1,915,-1
13:38:18,9.15,45,41175,-1
13:38:15,9.15,71,64965,-1
13:38:12,9.15,21,19215,-1
13:38:09,9.15,232,212280,1
13:38:06,9.14,62,56668,-1
13:38:00,9.15,33,30195,1
13:37:57,9.15,10,9150,1
13:37:51,9.15,224,204960,-1
13:37:48,9.15,30,27450,-1
13:37:45,9.15,1,915,-1
13:37:42,9.15,1,915,-1
13:37:39,9.15,1,915,-1
13:37:36,9.15,51,46665,-1
13:37:30,9.15,26,23790,-1
13:37:27,9.15,100,91500,-1
13:37:21,9.15,80,73200,-1
13:37:15,9.15,20,18300,-1
13:37:12,9.15,308,281820,-1
13:37:09,9.15,1,915,-1
13:36:54,9.15,29,26535,-1
13:36:48,9.15,43,39345,-1
13:36:45,9.15,9,8235,-1
13:36:39,9.15,20,18300,-1
13:36:36,9.15,4,3660,-1
13:36:33,9.15,1,915,-1
13:36:30,9.15,31,28365,1
13:36:21,9.15,300,274500,1
13:36:18,9.15,1,915,1
13:36:15,9.15,10,9150,1
13:36:09,9.15,5,4575,1
13:36:06,9.15,10,9150,1
13:36:03,9.15,5,4575,1
13:36:00,9.14,1,914,-1
13:35:51,9.15,11,10065,1
13:35:39,9.14,101,92314,-1
13:35:36,9.14,1,914,-1
13:35:30,9.15,19,17385,1
13:35:27,9.15,20,18300,1
13:35:24,9.15,55,50325,1
13:35:15,9.15,225,205875,1
13:35:12,9.15,23,21045,1
13:35:09,9.14,63,57582,-1
13:35:06,9.14,11,10054,-1
13:35:00,9.15,68,62220,1
13:34:57,9.15,4,3660,1
13:34:48,9.14,45,41130,-1
13:34:42,9.15,3,2745,1
13:34:33,9.15,1,915,1
13:34:27,9.15,10,9159,-1
13:34:24,9.15,9,9140,1
13:34:21,9.14,291,265983,-1
13:34:15,9.15,60,54900,-1
13:34:06,9.15,1,915,-1
13:34:03,9.16,53,48548,1
13:34:00,9.16,6,5496,1
13:33:57,9.16,10,9160,1
13:33:54,9.15,8,7320,-1
13:33:51,9.16,53,48548,1
13:33:48,9.15,2,1830,-1
13:33:45,9.16,50,45800,1
13:33:42,9.15,1,915,-1
13:33:39,9.16,1,916,1
13:33:36,9.16,5,4580,1
13:33:33,9.15,1,915,-1
13:33:30,9.15,20,18300,-1
13:33:24,9.16,50,45800,1
13:33:21,9.15,55,50325,-1
13:33:06,9.15,5,4575,-1
13:33:03,9.15,55,51230,1
13:33:00,9.15,6,5490,1
13:32:57,9.15,64,58560,1
13:32:54,9.15,28,25620,1
13:32:51,9.14,8,7312,-1
13:32:45,9.15,1200,1098000,1
13:32:42,9.14,6,5484,-1
13:32:36,9.14,9,8226,-1
13:32:33,9.14,8,7312,-1
13:32:24,9.14,166,151724,1
13:32:21,9.14,2,1828,1
13:32:15,9.13,3,2739,-1
13:32:06,9.13,4,3652,-1
13:32:00,9.13,151,137863,1
13:31:54,9.13,12,10956,1
13:31:51,9.13,100,91300,1
13:31:48,9.13,5,4565,1
13:31:45,9.13,3,2739,1
13:31:39,9.13,23,20999,1
13:31:36,9.13,2,1826,1
13:31:30,9.12,8,7295,-1
13:31:21,9.13,10,9130,1
13:31:18,9.12,23,20976,-1
13:31:15,9.13,8,7304,1
13:31:06,9.13,10,9130,1
13:31:00,9.12,110,100319,-1
13:30:51,9.13,2,1826,1
13:30:48,9.12,36,32832,-1
13:30:45,9.13,97,88561,1
13:30:42,9.13,6,5478,1
13:30:36,9.12,159,145008,-1
13:30:33,9.12,21,19152,-1
13:30:30,9.12,28,25535,-1
13:30:27,9.12,64,58367,-1
13:30:21,9.12,30,27359,-1
13:30:18,9.12,30,27359,-1
13:30:15,9.12,71,64751,-1
13:30:12,9.12,22,20064,-1
13:30:09,9.12,10,9120,-1
13:30:06,9.12,81,73872,-1
13:30:03,9.13,35,31955,1
13:29:54,9.12,13,11855,-1
13:29:51,9.12,1,911,-1
13:29:45,9.13,15,13695,1
13:29:42,9.12,1,911,-1
13:29:36,9.12,15,13679,-1
13:29:27,9.12,1,911,-1
13:29:24,9.13,51,46563,1
13:29:21,9.13,59,53867,1
13:29:18,9.13,20,18260,1
13:29:15,9.12,40,36480,-1
13:29:12,9.13,7,6391,1
13:29:06,9.12,20,18240,-1
13:29:03,9.13,4,3652,1
13:28:54,9.12,40,36480,-1
13:28:48,9.12,11,10032,-1
13:28:36,9.12,60,55258,1
13:28:30,9.12,53,48335,1
13:28:24,9.11,129,117518,-1
13:28:21,9.12,29,26447,1
13:28:18,9.12,85,77520,1
13:28:15,9.11,8,7288,-1
13:28:00,9.12,12,10943,1
13:27:57,9.11,11,10021,-1
13:27:54,9.12,17,15503,1
13:27:51,9.12,20,18240,1
13:27:48,9.12,1,911,1
13:27:45,9.11,4,3644,-1
13:27:42,9.11,250,227750,-1
13:27:39,9.12,20,18240,1
13:27:36,9.12,3,2735,1
13:27:33,9.12,95,86639,1
13:27:30,9.11,4,3644,-1
13:27:24,9.12,10,9120,1
13:27:18,9.12,506,461845,-1
13:27:15,9.12,198,180575,-1
13:27:12,9.12,11,10032,-1
13:27:03,9.13,5,4565,-1
13:27:00,9.12,253,230735,-1
13:26:54,9.14,11,10054,1
13:26:51,9.14,22,20108,1
13:26:48,9.13,17,15521,-1
13:26:45,9.13,41,37433,-1
13:26:42,9.13,302,275726,-1
13:26:39,9.14,1,914,1
13:26:36,9.13,30,27390,-1
13:26:33,9.14,60,54840,1
13:26:27,9.14,22,20108,1
13:26:24,9.13,14,12782,-1
13:26:18,9.14,13,11882,1
13:26:12,9.14,100,91400,1
13:26:06,9.13,12,10956,-1
13:26:03,9.14,2,1828,1
13:25:54,9.14,10,9140,1
13:25:51,9.14,5,4570,1
13:25:36,9.14,5,4570,1
13:25:30,9.14,50,45700,1
13:25:27,9.13,22,20086,-1
13:25:24,9.13,10,9130,-1
13:25:21,9.14,1,914,1
13:25:18,9.13,1,913,-1
13:25:15,9.13,50,45650,-1
13:25:12,9.14,29,26506,1
13:25:09,9.13,20,18260,-1
13:25:06,9.13,21,19173,-1
13:25:03,9.13,49,44737,-1
13:24:54,9.14,15,13710,1
13:24:51,9.14,45,41130,1
13:24:48,9.14,1,914,1
13:24:45,9.14,355,324470,-1
13:24:42,9.14,3,2742,-1
13:24:39,9.14,1,914,-1
13:24:36,9.14,269,245866,-1
13:24:33,9.15,8,7320,1
13:24:30,9.15,5,4575,1
13:24:27,9.15,14,12810,1
13:24:24,9.15,50,45750,1
13:24:15,9.15,33,30195,1
13:24:12,9.15,8,7320,1
13:24:03,9.15,4,3660,1
13:23:57,9.14,13,11882,-1
13:23:54,9.15,30,27450,1
13:23:51,9.14,16,14624,-1
13:23:48,9.15,4,3660,1
13:23:45,9.15,9,8235,1
13:23:36,9.14,2,1828,-1
13:23:33,9.14,11,10054,-1
13:23:30,9.15,700,640500,1
13:23:27,9.14,7,6398,-1
13:23:21,9.14,2,1828,-1
13:23:18,9.15,5,4575,1
13:23:15,9.14,10,9140,-1
13:23:12,9.14,5,4570,-1
13:23:09,9.15,16,14640,1
13:23:03,9.15,10,9150,1
13:23:00,9.15,10,9150,1
13:22:51,9.15,11,10065,1
13:22:39,9.15,4,3660,1
13:22:36,9.13,134,122342,-1
13:22:27,9.14,607,555702,1
13:22:24,9.14,3,2742,1
13:22:21,9.14,600,548400,1
13:22:18,9.14,3,2742,1
13:22:12,9.13,2,1826,-1
13:22:09,9.14,4,3656,1
13:22:06,9.14,2,1828,1
13:21:57,9.13,10,9130,-1
13:21:54,9.14,86,78604,1
13:21:51,9.14,39,35646,1
13:21:39,9.13,1,913,-1
13:21:33,9.14,5,4570,1
13:21:24,9.14,5,4570,1
13:21:21,9.13,1,913,-1
13:21:18,9.13,45,41085,-1
13:21:15,9.14,16,14624,1
13:21:12,9.13,5,4565,-1
13:21:03,9.13,1,913,-1
13:20:57,9.13,100,91300,-1
13:20:54,9.13,37,33781,-1
13:20:51,9.14,50,45700,1
13:20:48,9.13,10,9130,-1
13:20:45,9.13,36,32868,-1
13:20:36,9.13,2,1826,-1
13:20:24,9.13,28,25564,-1
13:20:21,9.13,10,9130,-1
13:20:18,9.14,4,3656,1
13:20:09,9.13,2,1826,-1
13:20:00,9.13,1,913,-1
13:19:51,9.13,30,27390,-1
13:19:48,9.13,2,2373,1
13:19:45,9.12,1,911,-1
13:19:42,9.13,26,23738,1
13:19:39,9.12,4,3647,-1
13:19:36,9.13,50,45650,1
13:19:33,9.13,3,2739,1
13:19:30,9.13,202,184791,-1
13:19:21,9.14,5,4570,1
13:19:18,9.13,331,303033,-1
13:19:09,9.13,12,10956,-1
13:19:03,9.13,45,41085,-1
13:18:57,9.13,63,58148,1
13:18:54,9.12,50,45599,-1
13:18:51,9.13,343,313159,1
13:18:48,9.13,4,3652,1
13:18:30,9.13,5,4565,1
13:18:24,9.12,22,20064,-1
13:18:21,9.13,284,259292,1
13:18:12,9.12,33,30095,-1
13:18:09,9.13,35,31955,1
13:18:06,9.13,17,15521,1
13:18:03,9.12,7,6383,-1
13:18:00,9.13,265,241945,1
13:17:57,9.13,3,2739,1
13:17:51,9.12,26,23711,-1
13:17:48,9.13,105,95865,1
13:17:45,9.13,28,25564,1
13:17:42,9.13,30,27390,1
13:17:36,9.13,22,20086,1
13:17:33,9.13,25,22825,1
13:17:24,9.13,31,28303,1
13:17:21,9.13,21,19173,-1
13:17:18,9.13,94,85822,-1
13:17:15,9.14,2,1828,1
13:17:12,9.13,74,67562,-1
13:17:06,9.13,50,45650,-1
13:17:03,9.13,1,913,-1
13:17:00,9.13,10,9130,-1
13:16:57,9.14,2,1828,1
13:16:48,9.13,70,63910,-1
13:16:33,9.13,10,9130,-1
13:16:21,9.14,13,11882,1
13:16:18,9.14,2,1828,1
13:16:12,9.14,13,11882,1
13:16:03,9.14,2,1828,1
13:16:00,9.13,14,12782,1
13:15:57,9.13,486,443718,-1
13:15:54,9.13,5,4565,-1
13:15:51,9.14,35,31990,1
13:15:48,9.14,2,1828,1
13:15:42,9.13,20,18260,-1
13:15:39,9.14,100,91400,1
13:15:36,9.14,35,31990,1
13:15:33,9.14,2,1828,1
13:15:27,9.13,50,45650,-1
13:15:18,9.14,5,4570,1
13:15:15,9.14,8,7312,1
13:15:12,9.14,45,41130,1
13:15:09,9.13,10,9130,-1
13:15:03,9.14,2,1828,1
13:14:57,9.13,42,38346,1
13:14:54,9.12,8,7295,-1
13:14:45,9.13,11,10043,1
13:14:42,9.13,7,6391,1
13:14:36,9.13,8,7304,1
13:14:27,9.13,135,123255,1
13:14:24,9.13,4,3652,1
13:14:21,9.13,87,79431,1
13:14:18,9.13,157,143341,1
13:14:09,9.12,2,1823,-1
13:14:06,9.13,3,2739,1
13:14:03,9.12,33,30095,-1
13:13:57,9.13,6,5478,1
13:13:54,9.13,30,27390,1
13:13:48,9.13,121,110473,1
13:13:42,9.13,47,42911,1
13:13:33,9.13,10,9130,1
13:13:30,9.13,1,913,1
13:13:27,9.13,10,9130,1
13:13:18,9.12,20,18240,-1
13:13:15,9.12,10,9120,-1
13:13:06,9.12,1,911,-1
13:13:03,9.13,11,10043,1
13:13:00,9.13,56,51128,1
13:12:57,9.13,54,49302,1
13:12:54,9.13,23,20999,1
13:12:48,9.13,4,3652,0
13:12:42,9.12,10,9120,-1
13:12:39,9.14,53,48442,1
13:12:36,9.13,34,31042,1
13:12:30,9.12,50,45599,-1
13:12:21,9.12,40,36480,-1
13:12:18,9.13,4,3652,1
13:12:12,9.13,46,41998,-1
13:12:09,9.14,12,10968,1
13:12:06,9.14,10,9140,1
13:12:03,9.14,2,1828,1
13:11:54,9.14,10,9140,1
13:11:42,9.13,5,4565,-1
13:11:30,9.13,16,14608,1
13:11:27,9.13,70,63910,1
13:11:24,9.12,4,3647,-1
13:11:21,9.12,17,15503,-1
13:11:15,9.13,4,3652,1
13:11:09,9.13,211,192643,1
13:11:06,9.13,14,12782,1
13:11:03,9.13,18,16434,1
13:10:57,9.12,51,46511,-1
13:10:51,9.13,14,12782,1
13:10:48,9.13,48,43824,1
13:10:42,9.12,98,89375,-1
13:10:39,9.12,131,119471,1
13:10:36,9.12,55,50159,1
13:10:33,9.12,10,9120,1
13:10:30,9.12,20,18240,1
13:10:27,9.12,64,58367,1
13:10:24,9.12,28,25535,1
13:10:21,9.12,29,26447,1
13:10:18,9.11,2,1822,-1
13:10:15,9.12,64,58367,1
13:10:09,9.12,4,3647,1
13:10:06,9.11,5,4555,-1
13:10:03,9.12,10,9120,1
13:10:00,9.12,5,4560,1
13:09:57,9.11,10,9110,-1
13:09:54,9.11,28,25508,-1
13:09:51,9.12,10,9120,1
13:09:45,9.11,53,48283,-1
13:09:33,9.11,30,27330,-1
13:09:30,9.11,250,227750,-1
13:09:27,9.11,72,65592,-1
13:09:15,9.11,635,578485,1
13:09:12,9.11,5,4555,1
13:09:09,9.1,1,910,-1
13:09:03,9.11,3,2733,1
13:09:00,9.11,169,153959,1
13:08:57,9.1,83,75530,-1
13:08:39,9.11,109,99299,1
13:08:36,9.11,9,8199,1
13:08:30,9.11,50,45550,1
13:08:24,9.11,72,65592,-1
13:08:18,9.12,24,21887,1
13:08:15,9.12,150,136800,1
13:08:12,9.12,91,82992,1
13:08:09,9.11,28,25508,-1
13:08:06,9.11,100,91100,-1
13:07:57,9.12,1,911,1
13:07:51,9.11,15,13665,-1
13:07:39,9.11,12,10932,-1
13:07:36,9.11,7,6377,-1
13:07:27,9.11,3,2733,-1
13:07:21,9.12,125,113999,1
13:07:09,9.12,49,44687,1
13:07:03,9.12,3,2735,1
13:07:00,9.12,40,36480,1
13:06:57,9.11,6,5466,-1
13:06:45,9.11,7,6377,1
13:06:42,9.11,49,44639,-1
13:06:39,9.12,20,18240,1
13:06:33,9.11,3,2733,-1
13:06:30,9.11,3,2733,-1
13:06:27,9.12,118,107615,1
13:06:21,9.1,72,65520,-1
13:06:18,9.11,30,27330,-1
13:06:12,9.11,14,12754,1
13:06:09,9.11,4,3644,1
13:06:03,9.1,8,7280,-1
13:06:00,9.1,20,18200,-1
13:05:57,9.1,33,30030,-1
13:05:54,9.1,34,30940,-1
13:05:39,9.1,523,475930,-1
13:05:36,9.11,5,4555,1
13:05:33,9.1,54,49140,-1
13:05:30,9.11,49,44639,1
13:05:24,9.11,15,13665,1
13:05:21,9.11,30,27330,1
13:05:15,9.11,239,217729,1
13:05:12,9.11,5,4555,1
13:05:03,9.1,11,10010,-1
13:04:51,9.1,59,53690,1
13:04:48,9.1,569,517790,1
13:04:45,9.1,77,70070,1
13:04:42,9.1,10,9100,1
13:04:39,9.1,15,13650,1
13:04:36,9.1,15,13650,1
13:04:33,9.1,41,37310,1
13:04:30,9.1,24,21840,1
13:04:24,9.1,36,32760,1
13:04:21,9.1,18,16380,1
13:04:18,9.1,172,156520,-1
13:04:15,9.1,55,50050,0
13:04:12,9.11,64,58304,1
13:04:09,9.1,4,3640,1
13:04:06,9.1,25,22750,1
13:04:03,9.1,88,80080,-1
13:03:54,9.1,3,2730,1
13:03:51,9.1,115,104650,1
13:03:48,9.1,55,50050,1
13:03:45,9.1,66,60060,1
13:03:39,9.1,60,54600,1
13:03:33,9.1,38,34580,1
13:03:30,9.1,314,285740,1
13:03:27,9.1,74,67340,1
13:03:24,9.1,186,169260,-1
13:03:15,9.1,200,182000,-1
13:03:09,9.1,20,18200,-1
13:03:06,9.1,117,106470,1
13:03:03,9.1,58,52780,1
13:03:00,9.1,11,10010,1
13:02:51,9.1,29,26390,1
13:02:48,9.09,23,20907,-1
13:02:45,9.1,525,477750,1
13:02:39,9.1,18,16380,1
13:02:30,9.1,51,46410,1
13:02:27,9.1,62,56420,1
13:02:24,9.1,20,18200,1
13:02:21,9.1,145,131950,-1
13:02:18,9.11,488,444568,1
13:02:15,9.1,50,45500,-1
13:02:12,9.11,20,18220,1
13:02:09,9.11,13,11843,1
13:01:51,9.11,40,36440,1
13:01:39,9.1,1,910,-1
13:01:36,9.1,10,9100,-1
13:01:33,9.1,40,36400,-1
13:01:30,9.1,19,17290,-1
13:01:24,9.1,10,9100,-1
13:01:15,9.1,1,910,-1
13:01:12,9.1,205,186550,-1
13:01:06,9.11,66,60125,1
13:01:03,9.1,1,910,-1
13:00:51,9.11,27,24597,1
13:00:45,9.1,30,27300,-1
13:00:42,9.1,11,10010,-1
13:00:36,9.1,63,57330,-1
13:00:33,9.1,20,18200,-1
13:00:30,9.1,10,9100,-1
13:00:24,9.12,70,63839,1
13:00:21,9.11,6,5466,0
13:00:09,9.1,203,184730,-1
13:00:06,9.11,2353,2143583,1
13:00:03,9.11,1643,1496773,1
11:30:03,9.11,321,292431,1
11:29:57,9.1,53,48230,-1
11:29:54,9.1,80,72800,-1
11:29:51,9.1,66,60060,-1
11:29:48,9.1,74,67340,-1
11:29:45,9.11,19,17309,1
11:29:42,9.11,93,84723,1
11:29:39,9.1,275,250250,-1
11:29:36,9.1,644,586040,-1
11:29:33,9.11,112,102032,1
11:29:30,9.1,20,18200,-1
11:29:27,9.1,82,74620,-1
11:29:24,9.11,80,72880,1
11:29:21,9.1,264,240240,-1
11:29:18,9.11,44,40084,1
11:29:12,9.11,657,598618,-1
11:29:09,9.11,72,65592,-1
11:29:06,9.12,25,22799,-1
11:29:03,9.12,35,31919,1
11:29:00,9.12,42,38304,1
11:28:54,9.11,16,14576,-1
11:28:48,9.11,21,19131,-1
11:28:45,9.12,1351,1232112,-1
11:28:39,9.11,217,197687,-1
11:28:36,9.12,1032,941183,-1
11:28:33,9.12,681,621883,1
11:28:30,9.11,15,13665,-1
11:28:27,9.12,59,53807,1
11:28:24,9.11,484,440924,-1
11:28:18,9.12,3,2735,1
11:28:15,9.11,8,7288,-1
11:28:12,9.12,235,214319,1
11:28:09,9.12,33,30095,1
11:28:06,9.12,2,1823,1
11:28:03,9.12,1,911,1
11:28:00,9.12,1187,1082644,-1
11:27:54,9.12,20,18240,-1
11:27:51,9.13,5,4565,1
11:27:48,9.13,70,63910,1
11:27:45,9.12,548,499775,-1
11:27:42,9.12,10,9120,-1
11:27:36,9.12,4,3647,-1
11:27:30,9.13,1,913,1
11:27:27,9.13,131,119603,-1
11:27:24,9.13,27,24651,-1
11:27:21,9.13,1,913,-1
11:27:18,9.14,50,45700,1
11:27:12,9.13,1,913,-1
11:27:09,9.13,4,3652,-1
11:27:06,9.13,1,913,-1
11:27:00,9.14,3,2742,1
11:26:57,9.13,20,18260,-1
11:26:48,9.13,6,5478,-1
11:26:42,9.13,50,45650,-1
11:26:39,9.13,66,60258,-1
11:26:36,9.14,391,357374,1
11:26:30,9.14,4,3656,1
11:26:27,9.14,110,100540,1
11:26:18,9.14,16,14624,-1
11:26:06,9.14,41,37474,-1
11:26:00,9.15,9,8235,1
11:25:51,9.15,20,18300,1
11:25:48,9.12,500,455999,-1
11:25:36,9.12,708,645696,-1
11:25:33,9.14,53,49255,1
11:25:30,9.14,40,36560,1
11:25:27,9.13,20,18260,-1
11:25:24,9.14,70,63980,1
11:25:18,9.14,120,109680,1
11:25:12,9.14,32,29248,1
11:25:06,9.13,9,8217,-1
11:25:00,9.14,30,27420,1
11:24:57,9.13,167,152471,-1
11:24:48,9.14,99,90486,1
11:24:39,9.13,300,273900,-1
11:24:33,9.14,2,1828,1
11:24:30,9.13,306,279378,-1
11:24:18,9.13,4,3652,-1
11:24:15,9.14,20,18280,1
11:24:09,9.13,1,913,-1
11:24:06,9.14,2,1828,1
11:24:03,9.13,10,9130,-1
11:24:00,9.13,9,8217,-1
11:23:51,9.13,1,913,-1
11:23:45,9.13,28,25564,-1
11:23:39,9.13,5,4565,-1
11:23:36,9.13,25,22825,-1
11:23:33,9.14,10,9140,1
11:23:24,9.13,100,91300,-1
11:23:21,9.13,131,119603,-1
11:23:18,9.14,20,18280,1
11:23:15,9.14,31,28334,1
11:23:12,9.13,51,46563,-1
11:23:09,9.13,5,4565,-1
11:23:03,9.14,5,4570,1
11:23:00,9.13,22,20104,-1
11:22:57,9.13,1,913,-1
11:22:54,9.13,10,9130,-1
11:22:39,9.14,5,4570,1
11:22:36,9.13,948,865524,-1
11:22:30,9.14,64,58496,1
11:22:27,9.14,13,11882,1
11:22:21,9.13,13,11869,-1
11:22:18,9.14,470,429580,1
11:22:15,9.13,62,56606,-1
11:22:12,9.13,205,187183,-1
11:22:09,9.13,9,8217,-1
11:22:03,9.13,5,4565,-1
11:22:00,9.13,3,2739,-1
11:21:45,9.13,24,21912,-1
11:21:36,9.14,6,5484,1
11:21:30,9.13,40,36520,-1
11:21:27,9.14,5,4570,1
11:21:24,9.13,5,4565,-1
11:21:15,9.13,79,72127,-1
11:21:12,9.13,47,42911,-1
11:21:09,9.13,10,9130,-1
11:21:06,9.13,212,193556,-1
11:21:03,9.13,635,579755,-1
11:20:57,9.13,26,23738,-1
11:20:54,9.14,10,9140,1
11:20:51,9.13,10,9130,-1
11:20:42,9.14,5,4570,1
11:20:39,9.14,22,20108,1
11:20:36,9.13,8,7304,-1
11:20:33,9.13,10,9130,-1
11:20:24,9.13,10,9130,-1
11:20:21,9.13,1,913,-1
11:20:15,9.14,32,29248,1
11:20:12,9.13,7,6391,-1
11:20:09,9.13,24,21912,-1
11:20:06,9.13,441,402633,-1
11:20:00,9.13,9,8217,-1
11:19:57,9.14,230,210220,1
11:19:51,9.14,19,17366,1
11:19:45,9.14,398,363772,-1
11:19:42,9.14,26,23764,-1
11:19:36,9.14,234,213876,-1
11:19:33,9.15,4,3660,1
11:19:30,9.14,15,13710,-1
11:19:27,9.14,34,31076,-1
11:19:18,9.14,1,914,-1
11:19:12,9.15,10,9150,1
11:19:09,9.14,1,914,-1
11:19:06,9.15,20,18300,1
11:19:03,9.15,1,915,1
11:19:00,9.15,19,17385,-1
11:18:57,9.15,1,915,-1
11:18:54,9.16,30,27480,1
11:18:48,9.15,38,34770,-1
11:18:42,9.16,6,5496,1
11:18:36,9.14,707,646198,-1
11:18:30,9.15,31,28365,-1
11:18:27,9.15,5,4575,1
11:18:24,9.15,22,20130,1
11:18:21,9.15,100,91500,1
11:18:18,9.15,33,30195,1
11:18:15,9.15,124,113460,1
11:18:12,9.15,55,50325,1
11:18:09,9.15,5,4575,1
11:18:06,9.15,13,11895,1
11:18:03,9.14,86,78604,-1
11:18:00,9.14,13,11882,-1
11:17:54,9.15,44,40260,1
11:17:42,9.15,30,27450,1
11:17:39,9.15,10,9150,1
11:17:36,9.14,784,716576,-1
11:17:33,9.15,2,1830,1
11:17:30,9.14,118,107852,-1
11:17:27,9.15,21,19215,1
11:17:24,9.15,5,4575,1
11:17:21,9.15,160,146400,-1
11:17:12,9.16,3,2748,1
11:17:09,9.15,124,113460,-1
11:16:57,9.15,18,16470,-1
11:16:54,9.15,43,39345,-1
11:16:51,9.16,15,13740,1
11:16:48,9.16,10,9160,-1
11:16:39,9.17,55,50435,1
11:16:36,9.15,832,761280,-1
11:16:33,9.16,4,3664,-1
11:16:30,9.16,28,25648,1
11:16:27,9.16,54,49464,-1
11:16:24,9.16,48,43968,1
11:16:21,9.16,13,11908,1
11:16:18,9.15,1,915,-1
11:16:09,9.16,14,12824,-1
11:16:00,9.16,1,916,-1
11:15:54,9.16,1,916,-1
11:15:51,9.16,5,4580,-1
11:15:45,9.17,22,20174,1
11:15:36,9.15,786,719190,-1
11:15:24,9.16,1,916,-1
11:15:18,9.16,59,54044,-1
11:15:12,9.16,1,916,-1
11:15:00,9.16,44,40304,-1
11:14:54,9.16,441,403956,-1
11:14:42,9.16,4,3664,-1
11:14:39,9.16,8,7328,-1
11:14:33,9.17,4,3668,1
11:14:30,9.16,100,91600,-1
11:14:27,9.17,50,45850,1
11:14:18,9.17,8,7336,1
11:14:15,9.17,20,18340,1
11:14:06,9.16,18,16488,-1
11:14:03,9.17,3,2751,1
11:14:00,9.16,5,4580,-1
11:13:48,9.16,300,274800,-1
11:13:45,9.17,30,27510,-1
11:13:42,9.17,57,52269,1
11:13:36,9.16,38,34808,-1
11:13:33,9.16,5,4580,-1
11:13:24,9.17,3,2751,1
11:13:21,9.17,5,4585,1
11:13:15,9.16,5,4580,-1
11:13:06,9.16,8,7328,-1
11:13:00,9.16,9,8244,1
11:12:54,9.16,23,21068,1
11:12:48,9.16,16,14656,-1
11:12:45,9.17,5,4585,1
11:12:30,9.17,5,4585,1
11:12:24,9.16,8,7328,-1
11:12:12,9.17,20,18340,1
11:12:09,9.17,9,8253,1
11:12:06,9.17,748,685916,1
11:11:57,9.17,20,18340,1
11:11:42,9.17,100,91700,1
11:11:39,9.17,4,3668,1
11:11:36,9.16,1,916,-1
11:11:33,9.17,94,86198,1
11:11:27,9.17,40,36680,1
11:11:21,9.16,8,7328,-1
11:11:12,9.17,36,33012,1
11:11:06,9.16,1,916,-1
11:10:57,9.16,1,916,-1
11:10:51,9.17,20,18340,1
11:10:48,9.17,10,9170,1
11:10:33,9.17,5,4585,0
11:10:30,9.15,10,9150,-1
11:10:27,9.18,212,194616,1
11:10:24,9.15,2001,1830915,-1
11:10:18,9.17,185,169645,-1
11:10:15,9.17,13,11921,-1
11:10:12,9.17,100,91700,-1
11:10:06,9.17,6,5502,-1
11:09:51,9.17,120,110040,-1
11:09:42,9.18,5,4590,1
11:09:39,9.17,4,3668,-1
11:09:24,9.17,8,7336,-1
11:09:21,9.17,20,18340,1
11:09:18,9.16,100,91600,-1
11:09:15,9.17,5,4585,1
11:09:06,9.17,20,18340,1
11:09:00,9.17,50,45850,1
11:08:45,9.17,9,8253,-1
11:08:42,9.17,42,38514,-1
11:08:39,9.18,4,3672,1
11:08:30,9.17,2,1834,0
11:08:06,9.16,313,286708,-1
11:08:03,9.17,31,28427,-1
11:07:57,9.17,7,7299,-1
11:07:54,9.18,6,5508,1
11:07:30,9.17,8,7336,1
11:07:24,9.17,8,7336,1
11:07:15,9.17,5,4585,1
11:07:06,9.17,12,11004,-1
11:07:03,9.18,13,11934,-1
11:06:54,9.18,5,4590,0
11:06:48,9.16,200,183200,-1
11:06:45,9.18,47,43146,-1
11:06:42,9.19,301,276619,1
11:06:39,9.18,7,6426,-1
11:06:33,9.19,5,4595,1
11:06:30,9.18,17,15606,1
11:06:27,9.17,20,18340,-1
11:06:21,9.18,300,275400,1
11:06:18,9.17,40,36680,-1
11:06:09,9.17,53,48601,-1
11:06:06,9.17,2,1834,-1
11:06:03,9.17,6,5502,1
11:06:00,9.16,16,14656,-1
11:05:57,9.17,2,1834,1
11:05:54,9.17,3,2751,1
11:05:51,9.17,1,917,1
11:05:42,9.16,52,47632,-1
11:05:39,9.16,55,50380,-1
11:05:33,9.18,10,9180,1
11:05:30,9.18,4,3672,1
11:05:27,9.18,50,45900,1
11:05:24,9.18,15,13770,1
11:05:21,9.17,18,16506,1
11:05:18,9.16,5,4580,1
11:05:15,9.15,8,7320,-1
11:05:06,9.16,174,159384,-1
11:05:03,9.18,150,137700,1
11:05:00,9.17,28,25676,-1
11:04:57,9.17,94,86198,1
11:04:48,9.17,2,1834,1
11:04:39,9.17,113,103621,-1
11:04:33,9.17,2,1834,-1
11:04:30,9.18,5,4590,1
11:04:24,9.17,8,7336,-1
11:04:18,9.17,79,72443,1
11:04:09,9.16,527,482732,1
11:04:06,9.16,10,9160,1
11:04:03,9.16,50,45800,0
11:03:57,9.17,123,112791,1
11:03:42,9.16,4,3664,-1
11:03:39,9.17,7,6419,1
11:03:33,9.17,5,4585,1
11:03:30,9.17,2,1834,1
11:03:09,9.17,604,553868,1
11:02:57,9.17,35,32095,1
11:02:54,9.16,8,7328,-1
11:02:51,9.16,3,2748,-1
11:02:42,9.16,20,18320,-1
11:02:39,9.17,3,2751,1
11:02:36,9.16,102,93432,-1
11:02:24,9.16,40,36640,-1
11:02:21,9.16,2,1832,1
11:02:15,9.16,19,17404,0
11:02:09,9.15,595,544425,-1
11:02:03,9.16,21,19236,-1
11:01:42,9.16,1,916,-1
11:01:39,9.16,185,169460,-1
11:01:36,9.16,21,19236,-1
11:01:24,9.17,3,2751,-1
11:01:18,9.17,4,3668,-1
11:01:12,9.17,213,195321,1
11:01:09,9.16,405,370980,-1
11:01:06,9.16,30,27480,-1
11:01:00,9.17,6,5502,0
11:00:51,9.18,120,110160,1
11:00:48,9.18,39,35802,1
11:00:45,9.17,3,2751,1
11:00:42,9.16,23,21068,-1
11:00:39,9.16,8,7328,-1
11:00:33,9.16,7,6412,-1
11:00:24,9.17,5,4585,-1
11:00:21,9.17,2,1834,-1
11:00:09,9.18,704,646272,1
10:59:57,9.17,4,3668,-1
10:59:54,9.18,7,6426,1
10:59:48,9.18,3,2754,1
10:59:33,9.17,5,4585,-1
10:59:24,9.18,7,6426,1
10:59:21,9.17,57,52269,-1
10:59:12,9.18,159,145962,1
10:59:09,9.17,925,848225,-1
10:59:06,9.18,20,18360,1
10:59:00,9.17,29,26593,-1
10:58:54,9.17,100,91700,-1
10:58:42,9.18,3,2754,0
10:58:39,9.19,180,165420,1
10:58:36,9.17,29,26593,-1
10:58:33,9.18,180,165240,1
10:58:27,9.18,14,12852,1
10:58:24,9.18,126,115668,-1
10:58:21,9.18,8,7344,-1
10:58:18,9.18,15,13770,-1
10:58:15,9.18,13,11934,-1
10:58:12,9.18,17,15606,1
10:58:09,9.18,10,9180,1
10:58:03,9.18,1,918,1
10:58:00,9.17,131,120127,-1
10:57:54,9.18,84,77112,1
10:57:33,9.18,46,42228,1
10:57:30,9.18,1,918,1
10:57:24,9.18,44,40392,1
10:57:21,9.18,73,67014,1
10:57:15,9.18,2,1836,1
10:57:12,9.17,145,132965,-1
10:57:06,9.18,98,89964,1
10:57:03,9.17,10,9170,-1
10:56:57,9.18,42,38556,-1
10:56:54,9.18,100,91800,-1
10:56:33,9.18,1,918,-1
10:56:30,9.18,2,1836,-1
10:56:27,9.18,133,122094,-1
10:56:24,9.18,20,19268,-1
10:56:21,9.18,8,7344,-1
10:56:15,9.19,48,44112,1
10:56:12,9.18,43,39474,-1
10:56:09,9.19,105,96495,1
10:56:06,9.18,84,77112,-1
10:55:57,9.18,10,9180,-1
10:55:54,9.18,20,18360,-1
10:55:51,9.18,5,4590,-1
10:55:42,9.18,92,84456,1
10:55:39,9.18,17,15606,1
10:55:36,9.18,39,35802,1
10:55:33,9.18,16,14688,1
10:55:30,9.18,18,16524,1
10:55:27,9.18,19,17442,1
10:55:24,9.18,193,177174,0
10:55:18,9.19,149,136931,1
10:55:15,9.18,56,51408,-1
10:55:12,9.19,5,4595,1
10:55:00,9.18,8,7344,-1
10:54:57,9.18,8,7344,1
10:54:54,9.18,5,4590,1
10:54:51,9.17,5,4585,-1
10:54:42,9.18,30,27540,1
10:54:39,9.18,1,918,-1
10:54:33,9.18,195,179010,-1
10:54:30,9.18,13,11934,-1
10:54:27,9.18,7,6426,-1
10:54:24,9.18,43,39474,-1
10:54:21,9.18,3,2754,-1
10:54:18,9.19,2,1838,1
10:54:09,9.18,7,6426,-1
10:54:06,9.19,159,146121,1
10:54:03,9.18,37,33966,-1
10:53:57,9.19,5,4595,1
10:53:51,9.18,20,18360,-1
10:53:48,9.19,5,4595,1
10:53:45,9.18,21,19278,-1
10:53:39,9.17,1099,1007883,-1
10:53:27,9.18,150,137856,1
10:53:24,9.18,100,91800,1
10:53:21,9.18,1,918,1
10:53:18,9.17,19,17423,-1
10:53:09,9.17,6,5502,-1
10:53:06,9.18,164,150552,1
10:53:03,9.18,53,48654,1
10:52:57,9.18,12,11016,1
10:52:51,9.18,50,45900,1
10:52:48,9.17,11,10087,-1
10:52:39,9.18,1,918,1
10:52:33,9.18,3,2754,1
10:52:30,9.17,4,3668,-1
10:52:27,9.18,133,122094,1
10:52:24,9.17,17,15589,-1
10:52:21,9.18,1,918,1
10:52:15,9.18,24,22032,0
10:52:06,9.19,159,146121,1
10:52:00,9.19,307,282133,1
10:51:54,9.18,82,75276,-1
10:51:51,9.18,10,9180,-1
10:51:42,9.19,9,8271,1
10:51:36,9.18,10,9180,-1
10:51:33,9.18,2,1836,-1
10:51:27,9.19,4,3676,1
10:51:24,9.19,16,14704,1
10:51:18,9.19,20,18380,1
10:51:09,9.18,47,43146,-1
10:51:06,9.18,108,99144,1
10:51:00,9.18,10,9180,1
10:50:54,9.16,8,7328,-1
10:50:45,9.18,50,45900,1
10:50:42,9.16,105,96180,-1
10:50:33,9.16,8,7328,-1
10:50:27,9.18,44,40392,-1
10:50:18,9.18,3,2754,1
10:50:12,9.16,600,549600,-1
10:50:06,9.19,159,146121,1
10:50:00,9.19,4,3676,1
10:49:57,9.19,50,45950,1
10:49:48,9.19,1,919,1
10:49:45,9.18,21,19278,-1
10:49:39,9.18,30,27540,-1
10:49:24,9.18,5,4590,-1
10:49:18,9.18,377,346994,1
10:49:15,9.18,5,4590,1
10:49:12,9.17,8,7336,0
10:49:06,9.18,173,158814,1
10:49:03,9.17,473,433750,-1
10:49:00,9.18,7,6426,1
10:48:57,9.17,7,6419,-1
10:48:51,9.17,6,5502,-1
10:48:45,9.17,23,21091,-1
10:48:36,9.18,23,21114,1
10:48:33,9.17,5,4585,-1
10:48:30,9.17,1,917,-1
10:48:27,9.17,9,8253,-1
10:48:24,9.17,1,917,-1
10:48:18,9.17,16,14672,-1
10:48:12,9.18,237,217566,1
10:48:09,9.17,24,22008,-1
10:48:06,9.18,467,428706,1
10:48:03,9.17,10,9170,-1
10:48:00,9.17,34,32085,1
10:47:54,9.17,221,202657,1
10:47:45,9.16,14,12824,-1
10:47:42,9.17,150,137550,1
10:47:36,9.16,1,916,-1
10:47:30,9.17,10,9170,1
10:47:27,9.16,59,54044,-1
10:47:18,9.17,20,18340,1
10:47:15,9.17,16,14672,1
10:47:12,9.16,13,11908,-1
10:47:09,9.16,8,7328,-1
10:47:06,9.17,159,145803,1
10:47:00,9.17,1,917,1
10:46:57,9.17,73,66941,1
10:46:54,9.16,6,5496,-1
10:46:42,9.16,95,87020,-1
10:46:39,9.17,248,227416,1
10:46:33,9.17,32,29344,1
10:46:21,9.17,400,366800,1
10:46:18,9.17,139,127463,1
10:46:12,9.17,5,4585,1
10:46:06,9.16,34,31144,1
10:46:00,9.16,12,10992,1
10:45:57,9.16,130,119080,1
10:45:54,9.16,329,301364,-1
10:45:51,9.17,1,917,0
10:45:42,9.18,998,916164,1
10:45:39,9.17,313,287021,1
10:45:36,9.17,102,93534,-1
10:45:30,9.17,180,165060,-1
10:45:24,9.17,8,7336,-1
10:45:18,9.18,50,45900,1
10:45:12,9.17,329,301693,1
10:45:09,9.17,108,99036,1
10:44:57,9.17,1,917,1
10:44:54,9.17,400,366800,1
10:44:51,9.16,13,11908,1
10:44:42,9.16,106,97096,1
10:44:39,9.15,1,915,-1
10:44:36,9.16,595,545020,1
10:44:27,9.15,2,1830,-1
10:44:21,9.15,11,10065,-1
10:44:18,9.16,9,8244,1
10:44:15,9.15,4,3660,0
10:44:12,9.16,9,8244,1
10:44:09,9.15,9,8235,-1
10:44:06,9.15,130,118950,-1
10:44:03,9.16,67,61372,1
10:43:57,9.14,62,56668,-1
10:43:54,9.15,14,12810,1
10:43:51,9.14,1,914,-1
10:43:48,9.14,315,287910,-1
10:43:45,9.14,9,8226,-1
10:43:24,9.14,35,31990,-1
10:43:15,9.15,5,4575,1
10:43:12,9.15,5,4575,1
10:43:06,9.15,30,27450,1
10:43:03,9.15,124,113460,-1
10:42:57,9.16,1,916,1
10:42:51,9.16,5,4580,1
10:42:48,9.15,53,48495,-1
10:42:45,9.15,75,68625,-1
10:42:42,9.15,143,130845,-1
10:42:21,9.15,81,74115,-1
10:42:18,9.16,3,2748,1
10:42:12,9.16,5,4580,1
10:42:09,9.16,14,12824,1
10:42:03,9.16,6,5496,1
10:42:00,9.16,5,4580,1
10:41:57,9.16,177,162132,-1
10:41:54,9.16,60,54960,-1
10:41:51,9.16,8,7328,-1
10:41:45,9.17,321,294357,1
10:41:42,9.15,109,99735,-1
10:41:39,9.15,1105,1011075,-1
10:41:36,9.16,520,476320,1
10:41:33,9.15,22,20130,-1
10:41:30,9.16,2,1832,1
10:41:21,9.16,135,123660,-1
10:41:18,9.16,25,22900,-1
10:41:12,9.16,530,485480,-1
10:41:09,9.16,1,916,-1
10:41:06,9.17,27,24759,1
10:41:03,9.16,54,49464,-1
10:41:00,9.17,98,89866,1
10:40:57,9.17,22,20174,1
10:40:54,9.17,86,78862,1
10:40:51,9.17,69,63273,1
10:40:45,9.17,20,18340,1
10:40:42,9.17,44,40348,1
10:40:36,9.16,8,7328,-1
10:40:33,9.17,3,2751,1
10:40:30,9.17,255,233844,-1
10:40:27,9.17,1,917,-1
10:40:24,9.17,1,917,-1
10:40:18,9.17,21,19257,-1
10:40:15,9.18,5,4590,1
10:40:12,9.18,33,30294,1
10:40:09,9.17,5,4585,-1
10:40:03,9.17,1,917,-1
10:39:57,9.17,112,103611,1
10:39:54,9.16,1,916,-1
10:39:51,9.17,10,9170,1
10:39:48,9.17,203,186151,1
10:39:36,9.17,203,186151,1
10:39:33,9.16,24,21984,-1
10:39:30,9.17,10,9170,1
10:39:27,9.16,30,27480,-1
10:39:24,9.17,10,9170,1
10:39:21,9.17,50,45850,1
10:39:18,9.16,17,15572,-1
10:39:12,9.16,10,9160,-1
10:39:06,9.17,4,3668,1
10:39:00,9.15,18,16470,1
10:38:57,9.15,5,4575,1
10:38:54,9.15,136,124440,-1
10:38:51,9.16,22,20152,-1
10:38:48,9.16,70,64120,0
10:38:45,9.15,408,373320,-1
10:38:42,9.15,364,333060,-1
10:38:39,9.15,1,915,-1
10:38:36,9.15,3,2745,-1
10:38:33,9.15,89,81435,-1
10:38:18,9.15,34,31110,-1
10:38:12,9.16,121,110836,1
10:38:00,9.15,8,7320,-1
10:37:57,9.15,91,83265,-1
10:37:54,9.15,21,19215,-1
10:37:51,9.15,547,500505,-1
10:37:48,9.16,110,100760,1
10:37:45,9.15,2,1830,-1
10:37:42,9.16,2,1832,1
10:37:24,9.15,3,2745,1
10:37:21,9.15,228,208620,1
10:37:18,9.15,27,24705,1
10:37:12,9.15,35,32025,1
10:37:09,9.15,38,34770,1
10:37:06,9.15,106,96990,1
10:37:00,9.15,20,18300,1
10:36:57,9.15,30,27450,1
10:36:54,9.15,50,45750,1
10:36:51,9.14,515,470710,-1
10:36:48,9.15,201,183915,1
10:36:45,9.15,54,49410,-1
10:36:42,9.15,20,18300,-1
10:36:39,9.15,14,12810,-1
10:36:36,9.15,245,224175,1
10:36:30,9.15,1061,970815,1
10:36:27,9.14,2,1828,-1
10:36:21,9.14,8,7312,-1
10:36:15,9.14,45,41130,-1
10:36:12,9.14,88,80432,1
10:36:03,9.14,29,26506,0
10:36:00,9.13,63,57519,-1
10:35:57,9.14,12,10968,0
10:35:51,9.13,518,472934,-1
10:35:45,9.15,15,13725,1
10:35:42,9.15,24,21960,1
10:35:36,9.14,11,10054,-1
10:35:33,9.15,400,366000,1
10:35:30,9.15,4,3660,1
10:35:27,9.15,4,3660,1
10:35:24,9.14,11,10054,-1
10:35:21,9.14,8,7312,-1
10:35:18,9.15,10,9150,1
10:35:15,9.14,86,78604,-1
10:35:09,9.15,50,45750,1
10:35:03,9.15,20,18300,1
10:35:00,9.14,10,9140,-1
10:34:57,9.15,97,88755,1
10:34:54,9.15,13,11895,1
10:34:51,9.13,530,483890,-1
10:34:48,9.14,10,9140,0
10:34:39,9.13,583,532279,-1
10:34:36,9.14,48,43872,1
10:34:33,9.14,22,20108,1
10:34:30,9.13,313,285769,-1
10:34:27,9.14,10,9140,1
10:34:21,9.14,60,54840,1
10:34:18,9.14,25,22850,1
10:34:12,9.14,3,2742,1
10:34:09,9.14,109,99626,1
10:34:03,9.12,125,113999,-1
10:33:57,9.12,25,22799,-1
10:33:54,9.13,1,913,1
10:33:51,9.12,516,470591,-1
10:33:45,9.13,39,35607,-1
10:33:42,9.14,11,10054,1
10:33:39,9.14,11,10054,0
10:33:33,9.15,14,12810,1
10:33:30,9.13,29,26477,1
10:33:27,9.13,26,23738,-1
10:33:24,9.13,20,18260,-1
10:33:21,9.14,89,81346,1
10:33:18,9.12,369,336528,-1
10:33:15,9.13,15,13695,-1
10:33:12,9.13,1,913,-1
10:33:09,9.14,1,914,1
10:33:06,9.13,31,28303,-1
10:33:03,9.14,5,4570,1
10:33:00,9.13,48,43824,-1
10:32:57,9.14,50,45700,1
10:32:54,9.14,3,2742,1
10:32:51,9.13,517,472021,-1
10:32:48,9.15,5,4575,1
10:32:45,9.14,98,89572,-1
10:32:39,9.14,9,8226,-1
10:32:36,9.14,76,69464,-1
10:32:33,9.14,5,4570,-1
10:32:27,9.14,2,1828,-1
10:32:24,9.14,114,104196,-1
10:32:21,9.15,37,33855,1
10:32:18,9.14,10,9140,-1
10:32:12,9.15,303,277245,1
10:32:09,9.15,12,10980,1
10:32:06,9.14,20,18280,-1
10:32:00,9.14,1,914,-1
10:31:57,9.15,85,77775,0
10:31:51,9.13,516,471108,-1
10:31:48,9.16,132,120912,-1
10:31:45,9.16,12,10992,-1
10:31:42,9.16,143,130988,1
10:31:39,9.16,27,24732,1
10:31:36,9.16,601,550516,1
10:31:33,9.13,81,73953,-1
10:31:30,9.14,905,827170,-1
10:31:24,9.15,533,487695,1
10:31:09,9.13,101,92213,-1
10:31:06,9.15,10,9150,1
10:31:03,9.14,20,18280,-1
10:31:00,9.16,50,45800,1
10:30:57,9.14,113,103282,-1
10:30:54,9.14,60,54840,-1
10:30:51,9.14,1016,928624,1
10:30:48,9.13,20,19163,-1
10:30:45,9.13,5,4565,-1
10:30:42,9.14,181,165434,1
10:30:39,9.14,5,4570,1
10:30:33,9.13,50,45650,-1
10:30:30,9.14,59,53926,1
10:30:24,9.13,5,4565,-1
10:30:21,9.14,15,13710,1
10:30:18,9.12,20,18240,-1
10:30:15,9.14,420,383880,1
10:30:12,9.13,173,157949,-1
10:30:09,9.13,1,913,-1
10:30:06,9.13,11,10043,0
10:29:57,9.14,13,11882,1
10:29:54,9.14,21,19194,-1
10:29:51,9.12,600,547200,-1
10:29:45,9.14,1,914,-1
10:29:42,9.14,52,47528,0
10:29:39,9.15,59,53985,1
10:29:36,9.14,5,4570,1
10:29:33,9.14,49,44786,1
10:29:24,9.14,10,9140,1
10:29:21,9.15,5,4575,1
10:29:18,9.15,21,19215,0
10:29:15,9.16,5027,4604732,1
10:29:12,9.15,26,23790,-1
10:29:09,9.15,85,77775,-1
10:29:06,9.15,30,27450,-1
10:29:03,9.15,20,18300,-1
10:28:57,9.15,10,9150,-1
10:28:54,9.16,42,38472,1
10:28:51,9.15,23,21045,0
10:28:48,9.14,516,471624,-1
10:28:45,9.15,55,50325,-1
10:28:36,9.16,11,10076,1
10:28:33,9.15,33,30195,-1
10:28:27,9.15,55,50325,-1
10:28:21,9.15,1,915,-1
10:28:18,9.16,11,10076,1
10:28:15,9.15,6,5490,-1
10:28:12,9.16,5,4580,1
10:28:00,9.15,1,915,-1
10:27:57,9.15,18,16470,-1
10:27:54,9.16,5,4580,1
10:27:51,9.15,29,26535,0
10:27:48,9.14,516,471624,-1
10:27:45,9.15,10,10055,-1
10:27:42,9.15,45,41175,0
10:27:39,9.16,428,392048,1
10:27:36,9.15,30,27450,1
10:27:33,9.14,1,914,-1
10:27:30,9.15,5,4575,1
10:27:24,9.15,32,29280,1
10:27:21,9.15,9,8235,1
10:27:15,9.15,18,16470,1
10:27:12,9.15,13,11895,1
10:27:09,9.15,51,46665,1
10:27:06,9.15,124,113460,-1
10:27:00,9.15,42,38430,-1
10:26:57,9.15,97,88755,-1
10:26:54,9.15,110,100650,0
10:26:48,9.14,516,471624,-1
10:26:45,9.15,4,3660,-1
10:26:42,9.15,204,186660,-1
10:26:39,9.15,5,4575,-1
10:26:33,9.15,22,20130,-1
10:26:30,9.15,6,5508,1
10:26:27,9.15,200,183000,1
10:26:24,9.15,120,109800,1
10:26:21,9.15,12,10980,1
10:26:18,9.15,80,74096,-1
10:26:15,9.15,10,9150,-1
10:26:12,9.15,35,32025,-1
10:26:09,9.15,23,21045,-1
10:26:03,9.16,2,1832,1
10:26:00,9.15,18,16470,-1
10:25:57,9.16,6,5496,1
10:25:54,9.16,21,19236,1
10:25:51,9.15,550,503250,-1
10:25:48,9.15,516,472140,-1
10:25:45,9.15,13,11895,-1
10:25:42,9.16,21,19236,1
10:25:39,9.15,60,54900,-1
10:25:33,9.15,166,151890,-1
10:25:30,9.16,1,916,1
10:25:27,9.16,2,1832,1
10:25:24,9.15,8,7320,-1
10:25:21,9.16,22,20152,1
10:25:15,9.16,1,916,1
10:25:12,9.16,153,140148,-1
10:25:09,9.16,2,1832,-1
10:25:06,9.16,45,41220,1
10:25:00,9.16,10,9160,1
10:24:51,9.16,1,916,0
10:24:48,9.15,515,471225,-1
10:24:45,9.16,9,8244,-1
10:24:42,9.16,76,69616,-1
10:24:39,9.17,5,4585,1
10:24:36,9.17,7,6419,1
10:24:33,9.17,6,5502,1
10:24:27,9.17,5,4585,1
10:24:24,9.17,395,362215,1
10:24:21,9.17,2,1834,1
10:24:18,9.16,27,24732,-1
10:24:15,9.16,241,220756,-1
10:24:12,9.17,49,44933,1
10:24:06,9.17,10,9170,1
10:24:00,9.17,14,12838,-1
10:23:54,9.17,2,1834,-1
10:23:48,9.18,523,480114,1
10:23:45,9.17,7,6419,-1
10:23:42,9.17,1,917,-1
10:23:30,9.17,1,917,-1
10:23:27,9.17,5,4585,-1
10:23:21,9.17,1,917,0
10:23:15,9.16,267,244572,-1
10:23:00,9.18,45,41310,-1
10:22:57,9.18,1,918,0
10:22:48,9.16,517,473572,-1
10:22:45,9.18,6,5508,-1
10:22:36,9.18,105,96390,-1
10:22:30,9.18,1,918,-1
10:22:27,9.18,26,23868,1
10:22:24,9.18,7,6426,1
10:22:06,9.18,10,9180,1
10:22:00,9.18,1,918,1
10:21:57,9.18,25,22950,1
10:21:54,9.18,5,4590,0
10:21:48,9.16,515,471740,-1
10:21:39,9.19,10,9190,1
10:21:36,9.18,1,918,0
10:21:33,9.19,1020,937380,1
10:21:24,9.17,33,30261,1
10:21:21,9.17,17,15589,1
10:21:18,9.16,1,916,-1
10:21:15,9.16,149,136484,-1
10:21:12,9.16,60,54960,-1
10:21:00,9.16,1,916,-1
10:20:54,9.17,10,9170,1
10:20:48,9.16,1,916,-1
10:20:45,9.16,518,474488,-1
10:20:42,9.16,11,10076,-1
10:20:39,9.17,22,20174,1
10:20:36,9.17,5,4585,1
10:20:33,9.17,150,137550,1
10:20:30,9.17,4,3668,1
10:20:27,9.17,103,94451,1
10:20:24,9.17,51,46767,1
10:20:21,9.16,26,23816,-1
10:20:18,9.17,839,770041,-1
10:20:15,9.18,2,1836,-1
10:20:12,9.18,51,46818,-1
10:20:06,9.19,100,91900,1
10:20:03,9.18,190,174420,1
10:20:00,9.18,1,918,1
10:19:54,9.18,10,9180,1
10:19:51,9.19,300,275700,1
10:19:45,9.17,521,477757,-1
10:19:42,9.18,27,24786,-1
10:19:39,9.18,7,6426,1
10:19:36,9.18,57,52326,-1
10:19:33,9.17,11,10334,-1
10:19:30,9.18,21,19278,-1
10:19:27,9.18,11,10098,-1
10:19:24,9.18,343,314874,-1
10:19:21,9.19,3,2757,1
10:19:18,9.18,35,32130,-1
10:19:15,9.18,2,1836,-1
10:19:09,9.18,18,16524,-1
10:19:03,9.19,60,55140,1
10:18:57,9.19,10,9190,1
10:18:54,9.19,1,919,1
10:18:51,9.19,7,6433,1
10:18:48,9.19,10,9190,-1
10:18:45,9.21,521,479841,1
10:18:36,9.19,7,6433,-1
10:18:33,9.19,1,919,-1
10:18:27,9.19,111,102918,1
10:18:15,9.19,4,3676,1
10:18:12,9.19,75,68934,-1
10:18:09,9.19,509,467771,-1
10:18:06,9.19,1,919,-1
10:18:03,9.19,68,63401,-1
10:17:57,9.19,288,264672,-1
10:17:51,9.2,2,1839,1
10:17:48,9.19,5,4595,-1
10:17:45,9.19,546,501774,-1
10:17:42,9.19,165,151635,-1
10:17:39,9.19,1,919,-1
10:17:36,9.2,5,4600,1
10:17:33,9.2,209,192279,1
10:17:27,9.2,5,4600,1
10:17:24,9.18,40,36720,-1
10:17:21,9.2,4,3679,1
10:17:09,9.18,4,3672,0
10:17:00,9.2,45,41400,1
10:16:57,9.17,15,13755,-1
10:16:54,9.18,21,19278,1
10:16:51,9.18,13,11934,1
10:16:48,9.18,9,8262,1
10:16:45,9.18,531,488128,-1
10:16:42,9.2,57,52439,-1
10:16:36,9.2,5,4600,-1
10:16:33,9.21,30,27630,1
10:16:27,9.2,5,4600,-1
10:16:24,9.2,2,1839,-1
10:16:21,9.2,1,919,-1
10:16:15,9.2,5,4600,-1
10:16:09,9.2,2,1839,-1
10:16:06,9.2,216,198719,-1
10:16:03,9.22,43,39646,1
10:15:54,9.22,100,92200,1
10:15:51,9.22,6,5532,1
10:15:48,9.22,4,3688,1
10:15:45,9.2,560,515199,-1
10:15:42,9.22,62,57173,-1
10:15:39,9.22,7,6454,-1
10:15:36,9.22,30,27660,-1
10:15:33,9.22,70,64540,-1
10:15:30,9.22,20,18440,-1
10:15:27,9.22,98,91268,1
10:15:24,9.22,9,8298,1
10:15:21,9.21,11,10131,-1
10:15:12,9.22,11,10142,1
10:15:09,9.22,61,56242,1
10:15:03,9.22,265,244330,1
10:15:00,9.22,27,24894,1
10:14:57,9.22,14,12908,1
10:14:51,9.22,10,9220,1
10:14:48,9.22,204,188088,1
10:14:45,9.22,577,532003,-1
10:14:42,9.22,101,93122,-1
10:14:39,9.23,53,48919,1
10:14:33,9.23,19,17537,1
10:14:30,9.22,81,75594,-1
10:14:27,9.23,62,57226,1
10:14:24,9.22,22,20284,-1
10:14:21,9.23,60,55380,1
10:14:18,9.23,5,4615,1
10:14:15,9.23,15,13845,1
10:14:09,9.23,101,93223,1
10:14:06,9.22,20,18440,-1
10:14:00,9.23,25,23075,1
10:13:57,9.22,31,28582,0
10:13:54,9.23,80,73840,1
10:13:48,9.23,6,5538,1
10:13:45,9.23,525,484575,1
10:13:39,9.23,54,49842,1
10:13:36,9.22,1,922,0
10:13:27,9.21,21,19341,-1
10:13:24,9.2,93,85560,-1
10:13:18,9.23,916,845717,1
10:13:06,9.2,1,919,-1
10:13:03,9.2,186,171120,1
10:13:00,9.2,76,69920,1
10:12:57,9.19,259,238021,-1
10:12:54,9.2,20,18400,1
10:12:51,9.2,5,4600,1
10:12:48,9.2,100,92000,1
10:12:45,9.22,145,133690,1
10:12:42,9.19,560,514649,-1
10:12:39,9.22,114,106020,1
10:12:36,9.2,51,46920,-1
10:12:33,9.22,371,342062,1
10:12:21,9.23,156,143988,1
10:12:18,9.21,1,921,-1
10:12:12,9.23,495,456885,1
10:12:09,9.2,120,110399,-1
10:12:03,9.2,494,454479,-1
10:11:57,9.2,5,4600,-1
10:11:51,9.2,1,919,-1
10:11:48,9.2,356,327520,1
10:11:45,9.2,160,147200,1
10:11:42,9.17,515,472255,-1
10:11:39,9.2,15,13799,1
10:11:33,9.2,20,18400,1
10:11:30,9.2,2,1839,1
10:11:27,9.2,13,11959,1
10:11:18,9.19,1,919,-1
10:11:15,9.2,100,92000,1
10:11:12,9.19,10,9190,-1
10:11:09,9.2,52,47839,1
10:11:06,9.2,62,57039,1
10:11:00,9.19,1,919,0
10:10:54,9.19,13,11947,-1
10:10:51,9.2,9,8280,0
10:10:45,9.19,9,8271,0
10:10:42,9.18,803,737154,-1
10:10:39,9.19,154,141526,-1
10:10:36,9.2,4,3679,1
10:10:24,9.2,47,43240,1
10:10:18,9.19,128,117632,-1
10:10:15,9.2,73,67160,1
10:10:12,9.2,73,67160,1
10:10:06,9.19,10,9190,-1
10:10:00,9.2,8,7359,1
10:09:57,9.21,441,406824,1
10:09:51,9.21,10,9210,1
10:09:48,9.22,248,228656,1
10:09:45,9.21,78,71838,-1
10:09:42,9.2,626,575920,-1
10:09:39,9.22,155,142910,1
10:09:36,9.22,115,106030,1
10:09:33,9.21,94,86574,-1
10:09:30,9.22,184,169648,1
10:09:27,9.22,16,14752,1
10:09:24,9.22,1,922,1
10:09:21,9.21,194,178674,-1
10:09:18,9.22,31,28582,-1
10:09:15,9.22,298,274756,1
10:09:12,9.21,9,8289,1
10:09:09,9.21,126,116046,1
10:09:06,9.21,39,35919,1
10:09:03,9.21,5,4605,1
10:09:00,9.21,21,19341,1
10:08:57,9.21,500,460500,1
10:08:54,9.2,46,42320,-1
10:08:51,9.2,1,919,-1
10:08:48,9.2,0,18,-1
10:08:45,9.2,62,57039,-1
10:08:42,9.2,1520,1398639,1
10:08:39,9.19,19,17461,1
10:08:36,9.19,189,173691,1
10:08:33,9.19,5,4595,1
10:08:27,9.19,242,222398,1
10:08:24,9.18,1,918,-1
10:08:21,9.18,1,918,-1
10:08:18,9.18,1,918,-1
10:08:12,9.18,347,318546,1
10:08:09,9.18,339,311202,1
10:08:06,9.17,30,27510,-1
10:08:03,9.17,29,26593,-1
10:07:54,9.17,75,68775,1
10:07:51,9.17,37,33929,1
10:07:48,9.17,2,1834,1
10:07:42,9.15,516,472140,-1
10:07:39,9.17,223,204509,1
10:07:36,9.17,36,33012,1
10:07:33,9.16,191,174956,-1
10:07:21,9.17,33,30261,1
10:07:18,9.16,21,19236,-1
10:07:15,9.16,6,5496,-1
10:07:09,9.16,6,5496,-1
10:07:06,9.16,19,17404,1
10:07:03,9.16,33,30228,-1
10:07:00,9.16,21,19236,-1
10:06:57,9.16,3,2748,-1
10:06:54,9.16,26,23816,-1
10:06:48,9.17,8,7336,1
10:06:45,9.16,1,916,0
10:06:42,9.14,525,479850,-1
10:06:36,9.16,56,51296,1
10:06:33,9.16,18,16488,1
10:06:30,9.16,10,9160,1
10:06:27,9.17,404,370468,1
10:06:24,9.16,10,9160,1
10:06:21,9.16,228,209745,-1
10:06:18,9.16,1,916,-1
10:06:15,9.17,16,14672,1
10:06:09,9.16,12,10992,-1
10:06:06,9.16,67,61372,-1
10:05:54,9.16,7,6412,-1
10:05:48,9.17,66,60522,1
10:05:45,9.16,13,11908,-1
10:05:42,9.16,613,561526,1
10:05:39,9.16,14,12824,1
10:05:36,9.16,5,4580,1
10:05:30,9.15,14,12810,-1
10:05:27,9.15,106,96990,-1
10:05:24,9.16,228,208848,1
10:05:18,9.15,12,10980,-1
10:05:15,9.16,4,3664,1
10:05:06,9.15,170,155550,1
10:05:03,9.15,70,64050,1
10:05:00,9.14,29,26506,-1
10:04:57,9.14,1,914,-1
10:04:48,9.15,266,243390,-1
10:04:45,9.16,2,1832,1
10:04:42,9.15,6,5490,-1
10:04:39,9.15,555,507825,-1
10:04:36,9.16,247,226252,1
10:04:30,9.16,14,12824,1
10:04:27,9.16,18,16488,1
10:04:21,9.16,26,23816,1
10:04:18,9.15,5,4575,-1
10:04:12,9.17,10,9170,1
10:04:09,9.17,40,36680,1
10:04:06,9.15,105,96075,-1
10:04:03,9.17,6,5502,1
10:03:57,9.16,26,23816,-1
10:03:51,9.16,7,6412,-1
10:03:48,9.16,26,23816,-1
10:03:45,9.17,81,74277,1
10:03:42,9.15,56,51240,1
10:03:39,9.14,552,504528,-1
10:03:27,9.17,520,476840,1
10:03:24,9.15,2,1830,-1
10:03:18,9.15,18,16470,1
10:03:15,9.15,52,47580,1
10:03:12,9.14,377,344578,-1
10:03:09,9.15,38,34770,1
10:03:06,9.15,41,37515,1
10:03:03,9.15,16,14640,1
10:03:00,9.15,122,111630,1
10:02:57,9.15,14,12810,1
10:02:54,9.15,4,3660,1
10:02:51,9.15,65,59475,1
10:02:45,9.15,2,1830,0
10:02:39,9.14,572,522808,-1
10:02:36,9.15,7,6405,-1
10:02:27,9.15,50,45750,-1
10:02:24,9.15,1,915,-1
10:02:21,9.15,7,6405,1
10:02:18,9.15,33,30195,-1
10:02:15,9.14,30,27420,-1
10:02:12,9.16,136,124576,1
10:02:09,9.14,50,45700,-1
10:02:00,9.14,1,914,-1
10:01:54,9.14,203,185542,1
10:01:51,9.13,1,913,-1
10:01:48,9.14,27,24678,1
10:01:45,9.14,66,60324,1
10:01:39,9.14,407,371998,-1
10:01:36,9.17,49,44933,1
10:01:33,9.16,16,14656,-1
10:01:27,9.16,88,80608,-1
10:01:24,9.16,91,83356,-1
10:01:21,9.16,12,10992,-1
10:01:18,9.16,14,12824,-1
10:01:12,9.16,25,22900,1
10:01:06,9.16,8,7328,1
10:01:03,9.16,128,117248,1
10:00:57,9.15,20,18300,-1
10:00:54,9.13,1500,1369500,-1
10:00:51,9.15,14,12810,-1
10:00:48,9.15,25,22875,1
10:00:42,9.15,69,63135,1
10:00:39,9.14,584,533776,-1
10:00:36,9.14,135,123390,-1
10:00:33,9.15,1,915,1
10:00:30,9.15,20,18300,1
10:00:27,9.15,14,12810,1
10:00:24,9.15,40,36600,-1
10:00:21,9.15,96,87840,1
10:00:18,9.15,10,9150,1
10:00:15,9.14,6,5484,-1
10:00:12,9.15,1,915,-1
10:00:09,9.15,1,915,1
10:00:06,9.15,10,9150,1
10:00:03,9.14,36,32904,-1
10:00:00,9.15,56,51240,1
09:59:57,9.14,20,18280,-1
09:59:54,9.15,457,418155,-1
09:59:51,9.17,5,4585,1
09:59:48,9.17,25,22925,1
09:59:45,9.17,31,28427,1
09:59:42,9.15,15,13725,-1
09:59:39,9.15,543,496845,-1
09:59:36,9.16,25,22900,-1
09:59:33,9.16,9,8244,-1
09:59:24,9.17,162,148554,-1
09:59:21,9.18,20,18360,1
09:59:18,9.17,93,85281,-1
09:59:12,9.18,10,9180,1
09:59:09,9.17,96,88032,1
09:59:03,9.16,17,15572,-1
09:59:00,9.17,73,66941,-1
09:58:57,9.17,12,11004,-1
09:58:54,9.17,1,917,-1
09:58:48,9.17,45,41265,1
09:58:45,9.17,75,68775,1
09:58:42,9.17,5,4585,1
09:58:39,9.15,519,474885,-1
09:58:36,9.17,6,5502,1
09:58:33,9.17,43,39431,1
09:58:27,9.17,54,49518,0
09:58:24,9.18,28,25704,1
09:58:21,9.18,200,183600,1
09:58:18,9.16,3,2748,-1
09:58:15,9.16,181,165796,-1
09:58:09,9.17,76,69692,1
09:58:06,9.16,32,29312,-1
09:58:03,9.16,1043,955388,-1
09:58:00,9.16,24,21984,-1
09:57:57,9.16,49,44884,-1
09:57:54,9.17,115,105455,1
09:57:51,9.17,420,385140,1
09:57:48,9.16,15,13740,-1
09:57:45,9.16,523,479068,0
09:57:42,9.15,165,150975,-1
09:57:39,9.17,82,75194,1
09:57:36,9.17,74,67858,1
09:57:33,9.17,123,112791,1
09:57:30,9.15,6,5490,-1
09:57:24,9.15,145,132675,-1
09:57:21,9.15,152,139080,-1
09:57:18,9.16,182,166712,0
09:57:15,9.15,365,333975,1
09:57:12,9.15,110,100650,1
09:57:09,9.15,209,191235,1
09:57:06,9.15,424,387960,1
09:57:03,9.15,21,19215,1
09:57:00,9.15,2,1830,1
09:56:57,9.15,348,318420,1
09:56:54,9.15,25,22875,1
09:56:51,9.15,756,691740,1
09:56:48,9.14,1,914,-1
09:56:45,9.15,274,250710,1
09:56:42,9.14,65,59410,-1
09:56:39,9.15,629,575535,1
09:56:33,9.15,77,70455,1
09:56:30,9.15,309,282735,1
09:56:27,9.14,16,14624,-1
09:56:24,9.15,2,1830,1
09:56:21,9.15,10,9150,1
09:56:15,9.15,92,84180,1
09:56:12,9.15,1578,1443870,-1
09:56:06,9.17,20,18340,1
09:56:03,9.17,187,171479,1
09:55:57,9.16,80,73280,1
09:55:54,9.16,156,142896,-1
09:55:51,9.18,10,9180,1
09:55:48,9.17,51,46767,-1
09:55:42,9.17,727,666659,1
09:55:39,9.17,765,701505,1
09:55:36,9.16,10,9160,-1
09:55:33,9.16,50,45800,-1
09:55:30,9.16,1013,927908,-1
09:55:27,9.16,23,21068,-1
09:55:24,9.16,21,19236,1
09:55:21,9.16,12,10992,1
09:55:18,9.16,168,153888,1
09:55:15,9.15,1,915,-1
09:55:12,9.16,21,19236,1
09:55:09,9.16,42,38472,1
09:55:06,9.15,50,45750,-1
09:55:03,9.15,17,15555,-1
09:55:00,9.15,31,28365,-1
09:54:57,9.16,10,9160,1
09:54:54,9.15,1,915,-1
09:54:48,9.15,10,9150,-1
09:54:45,9.16,304,278464,1
09:54:42,9.16,1,916,1
09:54:39,9.16,567,519372,-1
09:54:36,9.17,15,13755,1
09:54:33,9.17,22,20174,1
09:54:30,9.17,211,193487,1
09:54:27,9.17,252,231084,1
09:54:24,9.17,116,106372,-1
09:54:21,9.18,10,9180,1
09:54:18,9.18,43,39474,1
09:54:09,9.18,10,9180,1
09:54:06,9.17,645,591465,1
09:54:03,9.17,31,28427,1
09:54:00,9.17,126,115542,1
09:53:57,9.17,21,19257,1
09:53:54,9.17,157,143969,1
09:53:51,9.16,10,9160,-1
09:53:39,9.15,521,476715,-1
09:53:36,9.17,67,61439,-1
09:53:33,9.17,3,2751,-1
09:53:30,9.15,351,321165,-1
09:53:27,9.17,5,4585,-1
09:53:24,9.18,22,20196,1
09:53:21,9.16,108,98928,-1
09:53:18,9.17,100,91700,-1
09:53:12,9.19,48,44112,1
09:53:09,9.16,74,67784,-1
09:53:06,9.17,209,191653,-1
09:53:00,9.17,30,27510,-1
09:52:54,9.17,154,141218,1
09:52:51,9.17,33,30261,1
09:52:48,9.17,17,15589,1
09:52:45,9.17,15,13755,-1
09:52:42,9.17,5,4585,0
09:52:36,9.18,721,661878,1
09:52:33,9.17,20,18340,-1
09:52:30,9.18,23,21114,1
09:52:27,9.18,2,1836,1
09:52:24,9.17,10,9170,-1
09:52:18,9.17,1,917,-1
09:52:15,9.17,1,917,-1
09:52:12,9.17,26,23842,-1
09:52:09,9.17,41,37597,-1
09:52:00,9.18,117,107406,-1
09:51:57,9.18,330,302940,1
09:51:54,9.16,5,4580,-1
09:51:51,9.17,43,39431,1
09:51:48,9.17,17,15589,1
09:51:42,9.17,15,13755,1
09:51:39,9.17,60,55020,1
09:51:36,9.17,550,504350,0
09:51:33,9.18,86,78948,1
09:51:27,9.17,30,27510,-1
09:51:24,9.17,5,4585,-1
09:51:21,9.17,19,17423,-1
09:51:12,9.17,5,4585,0
09:51:09,9.16,146,133736,0
09:51:06,9.19,984,904296,1
09:51:03,9.15,50,45750,-1
09:51:00,9.16,40,36640,1
09:50:54,9.15,9,8235,-1
09:50:51,9.15,9,8235,-1
09:50:48,9.16,215,196940,1
09:50:45,9.16,105,96180,1
09:50:42,9.16,40,36640,1
09:50:39,9.14,116,106928,-1
09:50:36,9.15,13,11895,-1
09:50:33,9.16,42,38472,1
09:50:30,9.15,111,101565,1
09:50:27,9.15,80,73200,1
09:50:24,9.14,103,94142,-1
09:50:21,9.15,160,146400,1
09:50:18,9.14,2,1828,-1
09:50:12,9.15,53,48495,1
09:50:09,9.14,129,117906,-1
09:50:06,9.15,70,64050,0
09:50:03,9.16,97,88852,1
09:50:00,9.14,26,23764,-1
09:49:57,9.15,97,88755,0
09:49:54,9.16,10,9160,1
09:49:51,9.14,139,127046,-1
09:49:48,9.14,69,63066,-1
09:49:45,9.14,144,131616,0
09:49:42,9.13,100,91300,-1
09:49:39,9.13,312,284856,-1
09:49:36,9.13,778,710314,-1
09:49:33,9.14,31,28334,1
09:49:30,9.13,176,160688,-1
09:49:27,9.13,30,27390,-1
09:49:24,9.13,73,66649,-1
09:49:21,9.13,94,85822,-1
09:49:18,9.12,122,111263,-1
09:49:15,9.12,165,151382,-1
09:49:12,9.13,583,532279,1
09:49:09,9.12,245,223439,-1
09:49:06,9.13,68,62084,1
09:49:03,9.12,185,168720,-1
09:49:00,9.12,31,28271,-1
09:48:57,9.13,64,58432,1
09:48:54,9.12,279,254447,1
09:48:51,9.11,172,156692,-1
09:48:48,9.12,199,181487,1
09:48:45,9.12,411,374831,1
09:48:42,9.12,157,143184,1
09:48:39,9.12,245,223439,1
09:48:36,9.12,806,735071,-1
09:48:33,9.13,561,512193,1
09:48:27,9.13,459,419067,1
09:48:24,9.12,559,509807,-1
09:48:21,9.12,15,13679,-1
09:48:15,9.12,725,661200,-1
09:48:12,9.12,355,323760,-1
09:48:09,9.13,154,140602,1
09:48:06,9.12,171,155952,-1
09:48:03,9.13,100,91300,1
09:48:00,9.13,421,384373,1
09:47:57,9.12,195,177839,-1
09:47:54,9.13,150,136950,0
09:47:51,9.12,780,711359,-1
09:47:48,9.13,416,379808,-1
09:47:45,9.13,98,89474,-1
09:47:42,9.13,8,7304,1
09:47:39,9.14,395,361030,1
09:47:36,9.13,1,913,1
09:47:33,9.13,430,392590,-1
09:47:30,9.13,369,336897,-1
09:47:27,9.14,535,488990,1
09:47:24,9.13,83,75779,-1
09:47:21,9.14,3,2742,1
09:47:15,9.14,2,1828,1
09:47:12,9.14,2121,1938676,-1
09:47:06,9.15,49,44835,-1
09:47:03,9.16,21,19236,1
09:47:00,9.16,1041,953556,-1
09:46:57,9.16,44,40304,-1
09:46:54,9.17,371,340207,1
09:46:51,9.16,159,145644,-1
09:46:45,9.16,12,10992,-1
09:46:42,9.17,123,112791,1
09:46:39,9.17,4,3668,1
09:46:36,9.16,281,257396,-1
09:46:33,9.16,60,54960,-1
09:46:27,9.16,121,110836,-1
09:46:24,9.17,85,77945,1
09:46:21,9.17,50,45850,1
09:46:18,9.17,2,1834,1
09:46:15,9.17,83,76111,1
09:46:12,9.17,249,228333,-1
09:46:09,9.18,76,69768,1
09:46:06,9.17,36,33012,-1
09:46:03,9.18,27,24786,1
09:46:00,9.18,70,64260,1
09:45:57,9.18,4,3672,1
09:45:51,9.17,50,45850,-1
09:45:48,9.17,29,26593,-1
09:45:45,9.17,273,250341,1
09:45:42,9.16,71,65036,-1
09:45:39,9.16,83,76028,-1
09:45:36,9.16,7,6412,-1
09:45:33,9.17,6,5502,1
09:45:30,9.17,5,4585,1
09:45:27,9.16,24,21984,-1
09:45:21,9.17,500,458500,1
09:45:18,9.17,40,36680,1
09:45:15,9.17,148,135716,1
09:45:12,9.17,61,55937,1
09:45:09,9.17,10,9170,1
09:45:06,9.17,31,28427,1
09:45:03,9.17,125,114625,1
09:45:00,9.17,144,132048,1
09:44:57,9.17,60,55020,1
09:44:51,9.17,238,218246,1
09:44:48,9.17,33,30261,-1
09:44:45,9.18,108,99144,1
09:44:42,9.17,211,193487,-1
09:44:39,9.17,147,134799,-1
09:44:36,9.17,16,14672,1
09:44:33,9.17,34,31178,-1
09:44:30,9.17,199,182483,-1
09:44:24,9.17,105,96285,-1
09:44:21,9.18,10,9180,1
09:44:18,9.17,68,62356,-1
09:44:15,9.17,15,13755,-1
09:44:12,9.17,77,70609,-1
09:44:09,9.17,3,2751,-1
09:44:06,9.17,32,29344,-1
09:44:03,9.18,61,55998,1
09:44:00,9.17,5,4585,-1
09:43:57,9.18,230,211140,1
09:43:54,9.17,57,52269,-1
09:43:51,9.17,86,78862,-1
09:43:48,9.17,27,24759,1
09:43:45,9.17,44,40348,1
09:43:42,9.17,30,27510,-1
09:43:39,9.19,622,571618,1
09:43:36,9.17,341,312706,-1
09:43:33,9.19,120,110280,1
09:43:30,9.18,5,4590,0
09:43:27,9.18,7,6426,1
09:43:24,9.18,10,9180,0
09:43:18,9.17,57,53176,-1
09:43:15,9.17,10,9170,-1
09:43:12,9.17,58,53186,-1
09:43:09,9.19,500,459500,1
09:43:06,9.17,230,210910,1
09:43:03,9.17,27,24759,1
09:43:00,9.17,59,54103,1
09:42:54,9.17,6,5502,-1
09:42:51,9.17,3,2751,1
09:42:48,9.17,136,124712,-1
09:42:45,9.18,43,39474,1
09:42:42,9.18,101,92718,1
09:42:39,9.17,3,2751,-1
09:42:36,9.16,366,335256,-1
09:42:33,9.17,7,6419,1
09:42:27,9.17,33,30261,0
09:42:24,9.18,85,78030,1
09:42:21,9.18,1,918,1
09:42:18,9.18,30,27540,1
09:42:15,9.18,529,485622,1
09:42:12,9.17,31,28427,-1
09:42:09,9.18,6,5508,1
09:42:06,9.17,122,111874,-1
09:42:03,9.17,57,52269,1
09:42:00,9.17,33,30261,-1
09:41:57,9.19,362,332678,1
09:41:54,9.17,22,20174,-1
09:41:48,9.18,123,112914,1
09:41:45,9.18,15,13770,0
09:41:42,9.17,2,1834,-1
09:41:39,9.15,190,173850,-1
09:41:36,9.16,212,194192,-1
09:41:33,9.16,62,56792,0
09:41:30,9.15,161,147315,-1
09:41:27,9.15,383,350445,-1
09:41:24,9.16,513,469908,1
09:41:21,9.15,206,188490,-1
09:41:18,9.16,53,48548,1
09:41:15,9.15,25,23780,-1
09:41:09,9.15,597,547096,1
09:41:06,9.14,64,58496,-1
09:41:03,9.14,238,217532,-1
09:41:00,9.15,245,224175,1
09:40:57,9.15,148,135420,1
09:40:54,9.14,91,83174,1
09:40:51,9.14,586,535677,-1
09:40:48,9.15,135,123525,1
09:40:45,9.14,559,510926,-1
09:40:42,9.15,252,230580,1
09:40:39,9.15,126,115290,1
09:40:36,9.14,709,648026,-1
09:40:33,9.15,269,246135,1
09:40:30,9.15,102,93330,1
09:40:27,9.15,23,21045,1
09:40:24,9.15,2643,2418345,-1
09:40:21,9.17,1030,944510,-1
09:40:18,9.17,20,18340,-1
09:40:15,9.17,73,66941,-1
09:40:12,9.17,982,900494,-1
09:40:09,9.18,377,346086,1
09:40:06,9.16,70,64120,-1
09:40:03,9.16,151,138316,-1
09:40:00,9.15,407,372405,-1
09:39:57,9.17,131,120127,-1
09:39:54,9.17,242,221914,-1
09:39:51,9.17,5,4585,-1
09:39:48,9.18,63,57834,1
09:39:45,9.16,249,228084,-1
09:39:42,9.17,804,737268,1
09:39:39,9.16,545,499220,1
09:39:36,9.16,409,374644,1
09:39:33,9.15,9,8235,0
09:39:30,9.14,41,37474,-1
09:39:27,9.15,240,219600,-1
09:39:24,9.15,787,720946,1
09:39:21,9.14,157,143498,-1
09:39:18,9.15,858,785143,-1
09:39:15,9.15,467,428146,-1
09:39:12,9.15,523,478545,1
09:39:09,9.15,277,253455,-1
09:39:06,9.16,113,103508,1
09:39:03,9.15,152,139080,-1
09:39:00,9.16,151,138316,1
09:38:57,9.16,215,196940,1
09:38:54,9.15,730,667950,-1
09:38:51,9.16,121,110836,1
09:38:48,9.16,314,287624,1
09:38:45,9.15,532,486780,-1
09:38:42,9.16,60,54960,-1
09:38:39,9.16,133,121828,-1
09:38:36,9.16,257,235412,1
09:38:33,9.16,23,21068,1
09:38:30,9.16,111,101676,1
09:38:27,9.15,667,610305,-1
09:38:24,9.17,855,784035,1
09:38:21,9.16,277,253732,-1
09:38:18,9.16,47,43052,-1
09:38:15,9.16,43,39388,-1
09:38:12,9.17,40,36680,1
09:38:09,9.16,329,301364,-1
09:38:06,9.17,2,1834,1
09:38:03,9.17,577,529109,-1
09:38:00,9.19,10,9190,0
09:37:57,9.2,305,280600,1
09:37:54,9.2,153,140760,1
09:37:51,9.19,22,20218,-1
09:37:48,9.2,51,46920,-1
09:37:45,9.2,3,2760,-1
09:37:42,9.21,2,1842,1
09:37:39,9.2,63,57959,-1
09:37:36,9.2,2847,2619240,-1
09:37:33,9.22,208,191776,1
09:37:30,9.21,99,91179,-1
09:37:27,9.21,33,30393,-1
09:37:24,9.21,13,11973,-1
09:37:21,9.22,24,22128,1
09:37:18,9.22,6,5532,1
09:37:15,9.22,123,113406,-1
09:37:12,9.23,60,55380,1
09:37:09,9.22,363,334686,-1
09:37:06,9.22,143,131846,-1
09:37:03,9.22,680,626960,-1
09:37:00,9.22,427,393694,-1
09:36:54,9.23,55,50765,1
09:36:51,9.22,34,31348,-1
09:36:48,9.23,132,121946,-1
09:36:45,9.23,25,23075,-1
09:36:42,9.23,66,60918,-1
09:36:39,9.23,273,251979,-1
09:36:36,9.24,47,43428,1
09:36:33,9.23,69,63687,-1
09:36:30,9.23,37,34151,-1
09:36:27,9.23,170,156910,-1
09:36:24,9.23,20,18460,-1
09:36:21,9.24,137,126588,1
09:36:18,9.23,615,567645,-1
09:36:15,9.23,174,160602,-1
09:36:12,9.23,19,17537,-1
09:36:09,9.23,318,293514,-1
09:36:06,9.23,17,15691,-1
09:36:03,9.23,291,268593,-1
09:36:00,9.24,418,386232,1
09:35:57,9.23,25,23075,-1
09:35:54,9.24,43,39732,1
09:35:51,9.23,45,41535,-1
09:35:48,9.23,79,72917,-1
09:35:45,9.24,5,4620,1
09:35:36,9.24,87,80388,-1
09:35:33,9.24,186,171864,-1
09:35:30,9.24,48,44352,-1
09:35:27,9.24,66,60984,-1
09:35:24,9.25,234,216450,1
09:35:21,9.24,300,277200,-1
09:35:18,9.25,26,24050,1
09:35:09,9.25,160,148000,-1
09:35:06,9.26,100,92600,1
09:35:03,9.25,18,16650,-1
09:35:00,9.26,523,484298,1
09:34:57,9.26,99,91674,1
09:34:54,9.26,13,12038,1
09:34:51,9.25,5,4625,-1
09:34:48,9.26,144,133344,1
09:34:45,9.26,82,76033,-1
09:34:42,9.26,125,115750,-1
09:34:39,9.26,243,225018,-1
09:34:36,9.26,509,472158,1
09:34:33,9.26,366,339017,-1
09:34:30,9.26,30,27780,-1
09:34:27,9.27,31,28737,1
09:34:24,9.27,72,66744,1
09:34:21,9.27,223,206721,1
09:34:18,9.27,232,215064,-1
09:34:15,9.27,69,63963,1
09:34:12,9.26,294,273160,-1
09:34:09,9.27,152,140904,1
09:34:06,9.27,37,34299,1
09:34:03,9.26,43,39818,-1
09:34:00,9.27,210,194670,1
09:33:57,9.26,40,37040,-1
09:33:54,9.28,48,44544,1
09:33:51,9.28,167,154976,1
09:33:48,9.27,62,57474,1
09:33:45,9.27,115,106605,-1
09:33:42,9.27,50,46350,-1
09:33:39,9.27,51,47277,-1
09:33:36,9.27,157,145539,1
09:33:33,9.26,64,59264,-1
09:33:30,9.26,235,217610,-1
09:33:27,9.26,210,194460,-1
09:33:21,9.26,122,113805,-1
09:33:18,9.26,282,261132,1
09:33:15,9.26,2,1852,1
09:33:12,9.26,21,19446,1
09:33:09,9.26,110,101860,1
09:33:06,9.25,159,147075,-1
09:33:03,9.26,25,23150,1
09:33:00,9.25,54,49950,-1
09:32:57,9.26,39,36114,1
09:32:51,9.25,152,140600,0
09:32:48,9.26,126,116676,1
09:32:45,9.25,124,114700,-1
09:32:42,9.25,58,53650,-1
09:32:39,9.25,250,231250,-1
09:32:36,9.26,193,178718,1
09:32:33,9.25,394,364450,-1
09:32:27,9.25,55,50875,1
09:32:24,9.24,13,12012,-1
09:32:21,9.24,58,53592,-1
09:32:18,9.25,82,75850,1
09:32:15,9.25,100,92500,1
09:32:12,9.24,49,45276,-1
09:32:09,9.24,130,120120,-1
09:32:06,9.24,158,145992,-1
09:32:03,9.25,32,29600,1
09:31:57,9.24,20,18480,-1
09:31:54,9.24,15,13860,0
09:31:51,9.23,138,127374,-1
09:31:48,9.23,223,206742,-1
09:31:45,9.24,113,104412,1
09:31:42,9.24,89,82236,1
09:31:39,9.24,68,62832,1
09:31:36,9.24,80,73920,1
09:31:33,9.24,141,130284,1
09:31:30,9.24,82,75768,1
09:31:27,9.23,15,13845,-1
09:31:24,9.24,32,29568,1
09:31:21,9.23,161,148603,-1
09:31:18,9.23,34,31382,-1
09:31:15,9.24,247,228228,1
09:31:12,9.24,4,3696,1
09:31:09,9.24,143,132132,1
09:31:06,9.24,282,260568,1
09:31:03,9.24,87,80388,1
09:31:00,9.24,15,13860,1
09:30:57,9.24,111,102564,1
09:30:54,9.24,138,127512,1
09:30:51,9.24,94,86856,1
09:30:48,9.24,320,295680,-1
09:30:45,9.25,82,75850,1
09:30:42,9.25,14,12950,1
09:30:39,9.25,49,45325,1
09:30:36,9.25,77,71225,1
09:30:33,9.25,27,24975,1
09:30:30,9.25,25,23125,0
09:30:27,9.23,151,139373,-1
09:30:24,9.25,142,131350,1
09:30:21,9.25,130,120250,1
09:30:18,9.24,42,38808,-1
09:30:15,9.23,514,474422,-1
09:30:12,9.24,88,81312,1
09:30:09,9.23,270,250123,-1
09:30:06,9.23,2179,2012047,1
09:30:03,9.23,359,331357,1
09:25:03,9.22,2607,2403654,1
