timestamp,price,volume,turnover,direction
15:00:03,9.26,2356,2181656,1
14:57:03,9.26,0,0,1
14:57:00,9.26,30,27780,1
14:56:57,9.26,41,37966,-1
14:56:54,9.27,140,129780,1
14:56:51,9.27,139,128853,1
14:56:48,9.26,61,56486,-1
14:56:45,9.27,25,23175,1
14:56:42,9.26,49,45374,-1
14:56:39,9.27,30,27810,1
14:56:36,9.27,51,47277,1
14:56:33,9.26,90,83340,-1
14:56:30,9.26,125,115750,-1
14:56:27,9.27,283,262341,1
14:56:24,9.26,49,45374,-1
14:56:21,9.27,22,20394,1
14:56:18,9.26,120,111120,-1
14:56:15,9.26,120,111120,-1
14:56:12,9.26,73,67598,-1
14:56:09,9.27,33,30591,1
14:56:06,9.26,5,4630,-1
14:56:03,9.26,52,48152,-1
14:56:00,9.27,6,5562,1
14:55:57,9.27,134,124218,1
14:55:51,9.27,53,49131,1
14:55:48,9.27,83,76941,1
14:55:45,9.26,206,190802,-1
14:55:42,9.28,46,42688,1
14:55:39,9.27,20,18540,-1
14:55:36,9.27,223,207601,1
14:55:33,9.26,80,74080,-1
14:55:30,9.27,10,9270,1
14:55:24,9.26,253,234278,-1
14:55:21,9.27,205,190035,1
14:55:18,9.27,19,17613,1
14:55:15,9.26,27,25002,1
14:55:12,9.26,79,73154,-1
14:55:09,9.27,264,244728,1
14:55:06,9.27,54,50058,1
14:55:03,9.26,524,485270,-1
14:55:00,9.26,10,9260,-1
14:54:57,9.27,87,80649,1
14:54:54,9.27,145,134415,1
14:54:48,9.26,8,7408,-1
14:54:42,9.26,20,18520,-1
14:54:39,9.27,80,74160,1
14:54:36,9.26,68,62968,-1
14:54:33,9.26,13,12038,-1
14:54:30,9.26,1071,991746,-1
14:54:27,9.26,25,23150,-1
14:54:21,9.26,50,46300,-1
14:54:18,9.26,118,109268,-1
14:54:15,9.26,2,1852,-1
14:54:12,9.26,61,56486,-1
14:54:09,9.26,116,107416,-1
14:54:06,9.26,108,100008,-1
14:54:03,9.26,254,235204,-1
14:53:57,9.26,6,5556,-1
14:53:51,9.26,330,305580,-1
14:53:39,9.26,500,463000,-1
14:53:36,9.27,500,463500,1
14:53:33,9.26,17,15742,-1
14:53:30,9.26,52,49031,1
14:53:27,9.26,95,87970,1
14:53:24,9.26,71,65746,1
14:53:21,9.26,10,9260,1
14:53:18,9.26,8,7408,1
14:53:15,9.26,72,66718,-1
14:53:09,9.26,11,10186,-1
14:53:06,9.26,500,463000,-1
14:53:03,9.26,300,277800,-1
14:52:57,9.26,65,60190,-1
14:52:54,9.27,22,20394,1
14:52:45,9.27,235,217845,1
14:52:42,9.26,536,496336,-1
14:52:39,9.26,304,281504,-1
14:52:30,9.27,46,42642,1
14:52:27,9.26,308,285208,-1
14:52:24,9.26,116,107416,-1
14:52:21,9.27,16,14832,1
14:52:18,9.27,5,4635,1
14:52:15,9.27,11,11096,1
14:52:12,9.26,60,55560,-1
14:52:09,9.27,22,20394,1
14:52:06,9.27,41,38007,1
14:52:03,9.26,50,46300,-1
14:52:00,9.27,451,418077,-1
14:51:57,9.27,31,28737,-1
14:51:45,9.27,253,234531,-1
14:51:42,9.27,496,459792,1
14:51:39,9.26,8,7408,-1
14:51:36,9.27,10,9270,1
14:51:33,9.27,7,6489,1
14:51:30,9.27,28,25956,1
14:51:24,9.26,51,47226,-1
14:51:21,9.27,7,6489,1
14:51:15,9.26,30,28687,-1
14:51:09,9.26,1,926,-1
14:51:06,9.27,142,131634,1
14:51:03,9.27,54,50058,1
14:51:00,9.26,2,1852,-1
14:50:54,9.27,51,47277,1
14:50:51,9.26,132,122232,-1
14:50:48,9.27,73,67671,1
14:50:42,9.26,119,110194,-1
14:50:36,9.27,15,13905,1
14:50:33,9.26,48,44448,-1
14:50:18,9.27,59,54693,1
14:50:12,9.27,10,9270,1
14:50:09,9.27,39,36153,-1
14:50:06,9.28,200,185600,1
14:50:03,9.27,101,93627,-1
14:50:00,9.27,83,76941,-1
14:49:57,9.28,5,4640,1
14:49:54,9.28,32,29695,1
14:49:48,9.27,76,70452,-1
14:49:45,9.28,10,9280,1
14:49:42,9.27,23,21321,-1
14:49:39,9.28,2,1855,1
14:49:36,9.28,10,9280,1
14:49:24,9.28,76,70528,1
14:49:21,9.27,50,46350,-1
14:49:18,9.27,70,64890,-1
14:49:15,9.27,105,97335,-1
14:49:12,9.27,536,496872,1
14:49:09,9.27,39,36153,1
14:49:03,9.27,6,5562,1
14:48:57,9.27,11,10197,1
14:48:51,9.27,10,9270,1
14:48:48,9.26,128,118528,-1
14:48:45,9.27,10,9270,1
14:48:42,9.26,188,174088,-1
14:48:39,9.27,2,1854,1
14:48:36,9.26,21,19446,-1
14:48:33,9.26,8,7408,-1
14:48:30,9.26,254,235204,1
14:48:21,9.26,19,17594,1
14:48:12,9.26,2,1852,1
14:48:09,9.26,37,34262,1
14:48:00,9.26,7,6482,1
14:47:51,9.26,21,19446,1
14:47:48,9.25,4,3700,-1
14:47:45,9.25,32,30460,1
14:47:42,9.24,60,55440,-1
14:47:39,9.25,1000,925000,1
14:47:36,9.24,22,20328,-1
14:47:33,9.24,50,46200,-1
14:47:30,9.25,14,12950,1
14:47:24,9.25,6,5550,1
14:47:18,9.25,60,55500,1
14:47:15,9.24,28,25872,-1
14:47:09,9.25,57,52725,1
14:47:03,9.25,17,15725,1
14:47:00,9.25,163,150775,1
14:46:57,9.25,120,111000,1
14:46:54,9.24,6,5544,-1
14:46:42,9.25,347,320975,1
14:46:39,9.25,15,13875,1
14:46:33,9.24,44,40656,-1
14:46:30,9.25,200,185000,1
14:46:21,9.24,1,924,-1
14:46:18,9.25,30,27750,1
14:46:15,9.24,18,16632,-1
14:46:12,9.25,73,67525,1
14:46:09,9.24,613,566412,-1
14:46:06,9.24,9,8316,-1
14:46:03,9.24,1,924,-1
14:46:00,9.24,15,13860,-1
14:45:57,9.24,44,40656,-1
14:45:54,9.25,39,36075,1
14:45:45,9.24,112,103488,-1
14:45:42,9.25,2,1850,1
14:45:36,9.25,26,24050,1
14:45:33,9.24,38,35112,-1
14:45:30,9.24,31,28644,-1
14:45:27,9.24,10,9240,-1
14:45:24,9.24,30,27720,-1
14:45:21,9.24,19,17556,-1
14:45:12,9.24,100,92400,-1
14:45:09,9.25,1,925,1
14:45:06,9.24,136,125664,-1
14:45:03,9.24,36,33264,-1
14:45:00,9.24,377,348348,-1
14:44:57,9.25,1,925,1
14:44:54,9.25,51,47175,1
14:44:51,9.25,3,2775,1
14:44:48,9.25,32,29600,1
14:44:45,9.24,61,56364,-1
14:44:42,9.25,10,9250,1
14:44:39,9.24,300,277200,-1
14:44:36,9.25,17,15725,1
14:44:33,9.24,10,9240,-1
14:44:30,9.25,10,9250,1
14:44:27,9.25,6,5550,1
14:44:18,9.24,56,51744,-1
14:44:15,9.24,7,6468,-1
14:44:06,9.24,3,2772,-1
14:44:03,9.25,10,9250,1
14:44:00,9.25,10,9250,1
14:43:57,9.24,244,225456,-1
14:43:51,9.24,105,97020,-1
14:43:48,9.25,10,9250,1
14:43:45,9.25,141,130425,1
14:43:42,9.24,35,32340,-1
14:43:39,9.25,216,199800,1
14:43:36,9.24,147,135828,-1
14:43:30,9.25,100,92500,1
14:43:24,9.25,3,2775,1
14:43:21,9.25,631,584590,1
14:43:18,9.25,10,9250,1
14:43:09,9.25,2,1850,1
14:43:06,9.24,110,101640,-1
14:43:03,9.25,150,138750,1
14:43:00,9.25,8,7400,1
14:42:57,9.25,54,49950,1
14:42:54,9.25,10,9250,1
14:42:51,9.25,80,74009,-1
14:42:45,9.26,13,12038,1
14:42:39,9.26,8,7408,1
14:42:36,9.25,300,277500,-1
14:42:27,9.25,82,75850,-1
14:42:24,9.25,38,35150,-1
14:42:21,9.25,6,5550,-1
14:42:18,9.25,21,19425,-1
14:42:15,9.25,7,6475,-1
14:42:12,9.25,188,174815,1
14:42:06,9.24,15,13860,-1
14:42:03,9.25,55,50875,1
14:41:54,9.24,6,5544,-1
14:41:51,9.25,159,147075,1
14:41:48,9.24,1,924,-1
14:41:45,9.24,33,30492,-1
14:41:36,9.25,197,182234,-1
14:41:27,9.25,20,18500,-1
14:41:24,9.26,65,60190,1
14:41:21,9.25,43,39775,-1
14:41:18,9.25,114,105450,-1
14:41:15,9.25,203,187775,-1
14:41:12,9.26,5,4630,1
14:41:09,9.26,15,13890,1
14:41:06,9.26,18,16668,1
14:41:03,9.26,122,112972,1
14:40:51,9.26,84,77784,-1
14:40:45,9.27,85,78795,1
14:40:42,9.26,99,91674,-1
14:40:39,9.26,283,262058,-1
14:40:33,9.26,42,38892,-1
14:40:30,9.26,38,35188,-1
14:40:21,9.26,13,12038,-1
14:40:18,9.26,92,85192,-1
14:40:15,9.26,40,37040,-1
14:40:09,9.26,28,25928,1
14:40:06,9.26,339,313914,-1
14:40:00,9.26,4,3704,-1
14:39:54,9.26,10,9260,-1
14:39:51,9.26,100,92600,-1
14:39:42,9.26,1,926,-1
14:39:33,9.26,42,38892,0
14:39:24,9.25,215,198875,-1
14:39:21,9.27,19,17613,1
14:39:18,9.25,6,5550,-1
14:39:12,9.25,157,145225,-1
14:39:09,9.25,10,9250,-1
14:39:06,9.27,500,463500,1
14:39:03,9.26,9,8334,1
14:39:00,9.26,216,200016,1
14:38:54,9.25,8,7400,-1
14:38:51,9.26,1,926,1
14:38:48,9.25,92,85100,-1
14:38:42,9.25,149,137825,-1
14:38:39,9.25,20,18500,-1
14:38:36,9.26,20,18520,1
14:38:33,9.25,2,1850,-1
14:38:27,9.25,60,56415,-1
14:38:24,9.24,4,3696,-1
14:38:18,9.24,225,207900,-1
14:38:15,9.25,4,3700,-1
14:38:12,9.25,19,17575,-1
14:38:09,9.25,31,28675,1
14:38:06,9.25,40,37000,1
14:37:57,9.25,89,82325,-1
14:37:51,9.26,46,42596,1
14:37:48,9.26,81,75006,1
14:37:45,9.25,3005,2779625,-1
14:37:42,9.26,136,125936,-1
14:37:36,9.26,70,64820,-1
14:37:30,9.26,39,36114,-1
14:37:27,9.27,5,4635,1
14:37:21,9.26,34,31484,-1
14:37:15,9.26,21,19446,-1
14:37:12,9.26,20,18520,-1
14:37:03,9.26,20,18520,-1
14:36:54,9.26,1,926,1
14:36:42,9.26,111,102786,1
14:36:39,9.26,535,495410,0
14:36:33,9.25,100,92500,-1
14:36:30,9.25,19,17575,-1
14:36:24,9.26,13,12038,-1
14:36:18,9.26,10,9260,-1
14:36:15,9.26,50,46300,-1
14:36:09,9.26,21,19446,1
14:36:06,9.26,9,8334,0
14:36:03,9.25,240,222000,-1
14:35:57,9.26,60,55560,-1
14:35:54,9.26,11,10186,-1
14:35:48,9.26,1,926,-1
14:35:42,9.27,45,41715,1
14:35:39,9.26,5,4630,1
14:35:36,9.26,5,4630,-1
14:35:33,9.25,300,277500,-1
14:35:27,9.26,33,30558,-1
14:35:24,9.26,35,32410,-1
14:35:18,9.26,107,99082,-1
14:35:15,9.26,30,27780,-1
14:35:03,9.27,76,70452,1
14:35:00,9.26,18,16668,-1
14:34:57,9.27,1,927,1
14:34:45,9.26,23,21761,1
14:34:42,9.26,510,472260,1
14:34:39,9.26,85,78710,1
14:34:30,9.25,325,300625,-1
14:34:27,9.26,50,46300,1
14:34:21,9.26,5,4630,1
14:34:18,9.26,232,215295,-1
14:34:12,9.26,554,513004,-1
14:34:09,9.26,185,171310,-1
14:34:03,9.26,44,41207,1
14:34:00,9.26,109,100934,1
14:33:57,9.25,37,34225,-1
14:33:54,9.26,152,140752,1
14:33:51,9.25,56,51800,-1
14:33:48,9.26,75,69450,1
14:33:45,9.26,138,128251,-1
14:33:42,9.26,5,4630,-1
14:33:36,9.26,14,12964,-1
14:33:33,9.26,5,4630,-1
14:33:30,9.26,12,11575,1
14:33:27,9.26,20,18520,1
14:33:21,9.26,19,17594,1
14:33:18,9.26,271,250946,1
14:33:15,9.25,9,8325,-1
14:33:06,9.26,4,3704,1
14:33:03,9.25,38,35150,-1
14:33:00,9.25,33,30525,-1
14:32:57,9.25,32,29600,-1
14:32:54,9.26,55,50930,1
14:32:51,9.26,33,30558,1
14:32:48,9.26,1,1389,-1
14:32:45,9.26,20,18520,-1
14:32:39,9.27,836,774972,-1
14:32:36,9.26,74,68709,-1
14:32:30,9.27,18,16686,1
14:32:27,9.27,20,18540,1
14:32:24,9.27,41,38748,-1
14:32:21,9.27,78,72306,-1
14:32:18,9.28,10,9280,1
14:32:15,9.27,1,927,-1
14:32:12,9.27,300,278100,-1
14:32:09,9.28,180,167040,1
14:32:06,9.27,20,18725,-1
14:32:00,9.28,82,76096,1
14:31:45,9.28,20,18560,1
14:31:42,9.27,15,13905,-1
14:31:39,9.28,26,24128,1
14:31:33,9.27,23,21321,-1
14:31:27,9.27,2,1854,-1
14:31:24,9.26,195,180570,-1
14:31:21,9.28,63,58463,1
14:31:18,9.26,68,62968,-1
14:31:15,9.27,68,63036,-1
14:31:09,9.28,45,41760,1
14:31:06,9.28,10,9280,1
14:30:57,9.27,194,179838,1
14:30:51,9.27,21,19467,1
14:30:48,9.27,5,4635,1
14:30:42,9.27,16,14832,1
14:30:39,9.27,82,76014,1
14:30:30,9.27,40,37080,1
14:30:24,9.27,293,271611,1
14:30:18,9.27,10,9270,1
14:30:15,9.27,143,132561,-1
14:30:12,9.28,2,1855,1
14:30:09,9.27,55,50985,-1
14:30:03,9.27,6,5562,-1
14:30:00,9.28,15,13919,1
14:29:51,9.28,5,4640,1
14:29:48,9.28,186,172608,-1
14:29:39,9.28,320,296960,1
14:29:33,9.27,99,91773,-1
14:29:30,9.27,3,2781,-1
14:29:24,9.27,33,30591,-1
14:29:21,9.27,48,44496,-1
14:29:15,9.28,10,9280,1
14:29:12,9.28,10,9280,1
14:29:09,9.28,2,1855,1
14:29:06,9.28,12,11136,1
14:28:54,9.28,2,1855,1
14:28:51,9.28,14,12992,1
14:28:48,9.27,23,21321,-1
14:28:45,9.28,7,6496,1
14:28:42,9.28,14,12992,1
14:28:39,9.28,8,7423,0
14:28:36,9.26,2351,2177026,-1
14:28:21,9.28,10,9280,-1
14:28:18,9.29,3,2786,1
14:28:15,9.29,10,9290,1
14:28:12,9.29,7,6502,1
14:28:09,9.28,15,13919,-1
14:28:06,9.29,5,4672,-1
14:28:03,9.29,10,9290,-1
14:28:00,9.29,55,51996,1
14:27:54,9.29,77,71533,1
14:27:48,9.29,48,44591,1
14:27:45,9.29,48,44591,1
14:27:42,9.28,3,2784,0
14:27:18,9.27,743,688761,-1
14:27:15,9.29,46,42733,1
14:27:12,9.29,86,79893,1
14:27:06,9.28,25,23200,-1
14:27:03,9.29,3,2786,1
14:27:00,9.29,222,206237,1
14:26:51,9.29,65,60412,-1
14:26:45,9.29,1,928,-1
14:26:39,9.29,5,4645,-1
14:26:33,9.29,0,901,-1
14:26:24,9.29,1,928,-1
14:26:21,9.29,2,1857,0
14:26:06,9.28,20,18560,-1
14:26:00,9.28,6,5568,-1
14:25:57,9.28,76,70528,0
14:25:45,9.31,500,465500,1
14:25:36,9.28,1966,1824485,-1
14:25:24,9.3,14,13020,-1
14:25:06,9.3,2,1860,-1
14:25:00,9.3,11,10230,-1
14:24:39,9.3,72,66960,-1
14:24:36,9.3,5,4650,0
14:24:33,9.29,234,217385,-1
14:24:30,9.29,1,928,-1
14:24:27,9.3,44,40920,1
14:24:24,9.3,107,99510,1
14:24:18,9.3,28,26040,1
14:24:15,9.29,80,74320,-1
14:24:12,9.29,11,10218,-1
14:24:06,9.3,4,3720,1
14:24:03,9.3,4,3720,1
14:23:57,9.29,10,9290,-1
14:23:51,9.3,71,66030,1
14:23:48,9.3,56,52080,1
14:23:36,9.3,6,5580,-1
14:23:30,9.31,500,465500,1
14:23:18,9.29,20,18580,-1
14:23:00,9.3,29,26970,1
14:22:51,9.3,22,20460,1
14:22:24,9.29,33,30656,-1
14:22:18,9.29,69,64100,1
14:22:15,9.29,41,38089,-1
14:22:12,9.3,3,2790,1
14:22:00,9.3,50,46500,1
14:21:57,9.29,10,9290,1
14:21:51,9.29,6,5573,1
14:21:48,9.29,25,23224,1
14:21:39,9.29,2,1857,1
14:21:33,9.28,12,11136,-1
14:21:27,9.29,4,3715,1
14:21:18,9.29,5,4645,1
14:21:12,9.29,38,35302,-1
14:21:09,9.29,21,19509,-1
14:21:06,9.29,21,19509,1
14:21:03,9.29,71,65959,1
14:21:00,9.28,200,185600,-1
14:20:57,9.29,5,4645,1
14:20:51,9.29,52,48307,1
14:20:48,9.29,25,23224,1
14:20:42,9.29,72,66888,1
14:20:39,9.29,26,24153,-1
14:20:21,9.29,1,928,-1
14:20:15,9.29,20,18580,-1
14:20:12,9.29,28,26011,1
14:20:09,9.29,10,9290,1
14:20:06,9.28,45,41760,-1
14:20:00,9.29,13,12076,0
14:19:57,9.3,10,9300,1
14:19:54,9.29,8,7431,1
14:19:51,9.29,5,4645,1
14:19:48,9.29,20,18580,1
14:19:45,9.28,33,30623,-1
14:19:42,9.29,10,9290,1
14:19:33,9.29,14,13005,1
14:19:24,9.29,1,928,1
14:19:21,9.29,75,69675,-1
14:19:18,9.29,41,38089,-1
14:19:15,9.3,23,21390,1
14:19:12,9.3,134,124620,1
14:19:09,9.3,58,53940,1
14:19:06,9.3,40,37200,1
14:19:03,9.3,41,38130,1
14:19:00,9.3,20,18600,1
14:18:57,9.3,124,115320,-1
14:18:51,9.31,200,186200,1
14:18:42,9.3,16,14880,1
14:18:39,9.3,15,13950,-1
14:18:36,9.31,89,82859,1
14:18:33,9.31,8,7448,1
14:18:27,9.31,5,4655,1
14:18:24,9.29,451,418978,-1
14:18:21,9.3,11,10230,-1
14:18:15,9.31,19,17689,-1
14:18:06,9.31,107,99617,1
14:17:54,9.31,23,21413,1
14:17:51,9.31,10,9310,0
14:17:42,9.31,86,80066,-1
14:17:33,9.31,189,175959,-1
14:17:30,9.31,1,931,-1
14:17:27,9.31,10,9310,-1
14:17:03,9.31,38,35378,-1
14:16:57,9.33,502,468366,1
14:16:48,9.3,1,930,-1
14:16:45,9.31,2,1862,1
14:16:39,9.3,11,10230,-1
14:16:36,9.3,11,10230,-1
14:16:24,9.3,231,214830,1
14:16:18,9.29,89,82680,-1
14:16:00,9.29,51,47378,-1
14:15:57,9.29,108,100331,1
14:15:51,9.29,10,9290,1
14:15:48,9.29,1,928,1
14:15:45,9.29,5,4645,1
14:15:42,9.29,1,928,1
14:15:39,9.29,377,350232,-1
14:15:33,9.29,44,40875,-1
14:15:30,9.3,49,45570,1
14:15:24,9.29,8,7431,-1
14:15:21,9.3,100,93000,1
14:15:18,9.29,22,20437,-1
14:15:09,9.29,94,87325,-1
14:15:03,9.3,20,18600,1
14:14:45,9.29,438,406901,1
14:14:33,9.29,112,104047,-1
14:14:27,9.29,1,928,-1
14:14:21,9.29,154,143066,1
14:14:18,9.29,4,3715,1
14:14:15,9.29,3,2786,1
14:13:57,9.29,10,9290,1
14:13:54,9.28,44,40832,-1
14:13:51,9.28,2,1855,-1
14:13:45,9.29,13,12076,1
14:13:42,9.28,84,77952,-1
14:13:30,9.29,1,928,1
14:13:21,9.29,43,39946,1
14:13:18,9.29,36,33444,1
14:13:12,9.28,20,18560,-1
14:13:09,9.28,14,13882,-1
14:13:06,9.29,3,2786,1
14:13:03,9.29,1,928,1
14:13:00,9.28,100,92800,-1
14:12:57,9.29,73,67817,1
14:12:45,9.29,5,4645,1
14:12:27,9.28,5,4640,-1
14:12:18,9.28,8,7423,-1
14:12:12,9.29,3,2786,1
14:12:09,9.29,30,27869,1
14:12:06,9.28,1,927,-1
14:12:03,9.29,10,9290,1
14:11:48,9.29,1,928,1
14:11:45,9.29,245,227604,-1
14:11:39,9.29,441,409688,1
14:11:36,9.28,44,40832,-1
14:11:27,9.28,33,30623,-1
14:11:21,9.28,1,927,-1
14:10:54,9.28,5,4640,-1
14:10:48,9.29,3,2786,1
14:10:27,9.28,6,5568,-1
14:10:24,9.28,36,33408,1
14:10:21,9.28,3,2784,0
14:10:18,9.27,25,23175,-1
14:10:15,9.3,700,651000,1
14:10:06,9.28,25,23200,1
14:10:03,9.28,52,48256,-1
14:09:57,9.29,55,51094,1
14:09:51,9.28,49,45472,1
14:09:48,9.26,1,926,-1
14:09:42,9.27,14,12978,1
14:09:39,9.27,21,19467,1
14:09:36,9.27,50,46350,-1
14:09:24,9.27,9,8343,-1
14:09:21,9.27,12,11124,-1
14:09:18,9.26,700,648200,-1
14:09:12,9.27,72,66744,-1
14:09:06,9.28,254,235711,1
14:08:57,9.28,88,81664,1
14:08:54,9.28,12,11136,1
14:08:42,9.27,8,7416,-1
14:08:39,9.28,30,27839,1
14:08:15,9.27,2,1854,-1
14:08:09,9.27,2,1854,-1
14:08:00,9.27,18,16686,-1
14:07:39,9.27,31,28737,1
14:07:36,9.27,10,9270,-1
14:07:33,9.27,12,11124,1
14:07:30,9.27,26,24102,-1
14:07:27,9.27,1,927,-1
14:07:24,9.26,44,40744,-1
14:07:21,9.27,22,20681,1
14:07:18,9.26,114,105564,-1
14:07:12,9.27,19,17613,1
14:07:09,9.27,2,1854,1
14:07:06,9.27,39,36153,1
14:07:03,9.27,430,399249,-1
14:06:51,9.29,2,1857,1
14:06:48,9.27,108,100116,-1
14:06:45,9.27,212,196524,-1
14:06:39,9.28,177,164256,1
14:06:36,9.28,100,92800,1
14:06:33,9.28,1,927,1
14:06:30,9.28,30,27839,1
14:06:21,9.27,93,86211,-1
14:06:12,9.28,48,44544,1
14:06:06,9.28,48,44544,1
14:06:03,9.28,1875,1739999,1
14:05:54,9.27,46,42642,-1
14:05:48,9.28,28,25984,1
14:05:24,9.27,36,33372,-1
14:05:21,9.28,20,18560,1
14:05:09,9.27,17,15759,-1
14:05:06,9.28,31,28767,1
14:04:51,9.27,120,111240,-1
14:04:42,9.27,18,16686,-1
14:04:30,9.27,33,30591,-1
14:04:27,9.28,9,8352,1
14:04:18,9.27,44,40788,-1
14:04:09,9.28,15,13919,1
14:04:06,9.28,40,37120,1
14:04:03,9.28,349,323872,-1
14:03:57,9.29,320,297280,1
14:03:39,9.29,147,136563,1
14:03:30,9.28,35,32479,-1
14:03:27,9.28,1,927,-1
14:03:03,9.28,19,17632,1
14:03:00,9.27,33,30591,-1
14:02:57,9.28,12,11136,1
14:02:51,9.28,111,103008,-1
14:02:48,9.29,50,46449,1
14:02:42,9.28,68,63103,-1
14:02:33,9.28,10,9280,-1
14:02:21,9.28,1,927,-1
14:02:18,9.28,10,9280,-1
14:02:09,9.28,42,38976,1
14:02:03,9.28,122,113215,1
14:01:57,9.27,44,40788,-1
14:01:54,9.29,17,15792,1
14:01:51,9.28,147,136416,1
14:01:45,9.28,1243,1153504,-1
14:01:39,9.28,30,27839,-1
14:01:18,9.28,33,30623,-1
14:01:12,9.29,100,92899,1
14:01:09,9.28,28,25984,-1
14:00:27,9.29,17,15792,1
14:00:15,9.29,5,4645,1
14:00:12,9.28,22,20416,-1
13:59:57,9.28,4,3711,-1
13:59:54,9.29,108,100331,1
13:59:36,9.29,201,186728,1
13:59:33,9.28,44,40832,-1
13:59:30,9.28,20,18560,-1
13:59:18,9.28,34,31551,-1
13:59:12,9.29,10,9290,1
13:59:09,9.29,10,9290,1
13:59:03,9.28,34,31551,-1
13:58:51,9.29,78,72462,1
13:58:48,9.29,157,145853,-1
13:58:42,9.29,100,92899,-1
13:58:39,9.29,5,4645,-1
13:58:33,9.29,39,36231,-1
13:58:24,9.29,1,928,-1
13:58:15,9.29,5,4645,-1
13:58:06,9.29,100,92899,-1
13:58:03,9.29,100,92899,-1
13:58:00,9.29,68,63171,-1
13:57:57,9.29,1,928,-1
13:57:48,9.29,50,46449,-1
13:57:45,9.29,44,40875,-1
13:57:15,9.29,1130,1049770,-1
13:57:12,9.3,25,23250,1
13:57:03,9.3,3,2790,1
13:56:45,9.29,33,30656,-1
13:56:42,9.3,1,930,1
13:56:39,9.3,36,33480,1
13:56:33,9.29,13,12076,-1
13:56:30,9.3,70,65100,1
13:56:24,9.3,58,53940,-1
13:56:06,9.31,5,4655,1
13:56:00,9.31,11,10241,1
13:55:57,9.29,351,326078,-1
13:55:48,9.3,30,27900,-1
13:55:39,9.31,3,2793,1
13:55:30,9.3,44,40920,-1
13:55:27,9.31,12,11172,1
13:55:18,9.31,36,33516,1
13:55:15,9.31,30,27930,1
13:55:12,9.31,22,20482,1
13:55:09,9.31,12,11172,1
13:54:57,9.3,8,7440,-1
13:54:54,9.3,33,30690,-1
13:54:51,9.3,20,18600,-1
13:54:45,9.3,12,11160,-1
13:54:42,9.3,39,36270,1
13:54:36,9.3,44,40920,1
13:54:33,9.3,10,9300,1
13:54:24,9.3,8,7440,1
13:54:21,9.3,51,47430,1
13:54:18,9.29,185,171864,-1
13:54:12,9.29,11,10218,-1
13:54:06,9.3,264,245520,1
13:54:00,9.29,4,3715,-1
13:53:54,9.3,13,12090,1
13:53:51,9.3,20,18600,1
13:53:33,9.3,10,9300,1
13:53:27,9.29,33,30656,-1
13:53:21,9.3,10,9300,1
13:53:18,9.29,79,73391,-1
13:53:15,9.29,3,2786,-1
13:53:06,9.29,38,35302,-1
13:52:45,9.29,1,928,-1
13:52:42,9.29,2,1857,-1
13:52:33,9.3,22,20460,1
13:52:30,9.29,2,1857,-1
13:52:27,9.3,17,15810,1
13:52:24,9.29,33,30656,-1
13:52:15,9.3,53,49290,1
13:52:09,9.3,15,13950,1
13:51:51,9.3,8,7440,1
13:51:48,9.3,10,9300,-1
13:51:45,9.3,1,930,-1
13:51:39,9.3,39,36270,1
13:51:18,9.3,78,72540,1
13:51:15,9.29,6,5573,-1
13:50:57,9.29,23,21366,-1
13:50:51,9.3,70,65100,1
13:50:45,9.29,1,928,-1
13:50:42,9.29,361,335368,-1
13:50:36,9.29,1,928,-1
13:50:30,9.31,25,23275,1
13:50:24,9.3,1,930,-1
13:50:21,9.3,20,18600,0
13:50:18,9.29,320,297280,-1
13:50:12,9.3,273,253890,-1
13:50:03,9.3,200,186000,-1
13:49:57,9.3,2,1860,-1
13:49:54,9.3,84,78120,-1
13:49:48,9.31,5,4655,1
13:49:42,9.3,7,6510,-1
13:49:30,9.3,10,9300,-1
13:49:24,9.3,1,930,-1
13:49:21,9.31,15,13965,1
13:49:15,9.3,64,59520,-1
13:49:06,9.3,32,29760,0
13:48:57,9.31,3,2793,1
13:48:54,9.3,101,93930,-1
13:48:51,9.31,139,129409,1
13:48:48,9.31,30,27930,1
13:48:42,9.3,10,9300,-1
13:48:39,9.31,10,9310,1
13:48:30,9.29,316,293564,-1
13:48:27,9.31,200,186200,1
13:48:24,9.3,1,930,-1
13:48:21,9.31,7,6517,0
13:48:15,9.3,103,95790,-1
13:48:09,9.31,1,931,1
13:48:03,9.32,1,932,1
13:48:00,9.32,107,99724,1
13:47:45,9.32,50,46600,1
13:47:42,9.3,14,13020,-1
13:47:39,9.32,51,47532,1
13:47:36,9.31,1,931,-1
13:47:33,9.31,85,79135,-1
13:47:30,9.32,5,4660,1
13:47:27,9.31,62,57722,-1
13:47:24,9.32,78,72696,1
13:47:21,9.32,22,20504,1
13:47:18,9.31,1,931,-1
13:47:15,9.33,44,41052,1
13:47:12,9.33,236,220188,1
13:47:09,9.31,209,194579,-1
13:47:03,9.33,18,16794,1
13:47:00,9.31,65,60515,-1
13:46:57,9.33,75,69975,-1
13:46:54,9.33,3,2799,-1
13:46:48,9.35,5,4675,1
13:46:45,9.33,1,933,-1
13:46:39,9.35,17,15895,1
13:46:36,9.33,167,155811,-1
13:46:33,9.35,4,3740,-1
13:46:30,9.35,11,10285,-1
13:46:27,9.36,11,10296,1
13:46:24,9.36,500,468000,1
13:46:18,9.35,500,467500,1
13:46:12,9.35,928,867680,1
13:46:09,9.32,777,724164,1
13:46:06,9.3,343,318990,1
13:46:03,9.29,966,898259,1
13:46:00,9.28,122,113215,1
13:45:57,9.28,34,31551,1
13:45:54,9.28,14,12992,1
13:45:51,9.28,27,25056,1
13:45:42,9.28,1,927,1
13:45:39,9.28,8,7423,1
13:45:36,9.28,12,11136,1
13:45:33,9.28,381,353651,-1
13:45:27,9.28,37,34336,-1
13:45:24,9.28,185,171680,-1
13:45:12,9.28,1,927,-1
13:45:03,9.29,3,2786,1
13:44:57,9.28,2,1855,-1
13:44:45,9.28,1,927,-1
13:44:39,9.29,6,5573,1
13:44:18,9.28,53,49184,-1
13:44:15,9.28,1,927,-1
13:44:09,9.29,50,46449,1
13:43:42,9.28,212,197580,1
13:43:33,9.28,11,10208,1
13:43:27,9.28,1,927,1
13:43:18,9.28,35,32479,1
13:43:15,9.28,51,47411,-1
13:43:12,9.28,1,927,-1
13:43:09,9.28,308,285824,-1
13:43:03,9.28,20,18560,-1
13:42:57,9.28,48,44544,-1
13:42:51,9.29,24,22295,1
13:42:48,9.28,195,180960,-1
13:42:42,9.28,1,927,-1
13:42:39,9.28,50,46400,-1
13:42:36,9.28,6,5568,-1
13:42:33,9.29,65,60384,1
13:42:27,9.29,1,928,1
13:42:24,9.28,1,927,-1
13:42:18,9.29,1,928,1
13:42:06,9.29,1,928,1
13:41:57,9.28,79,74212,-1
13:41:54,9.28,51,47328,-1
13:41:48,9.29,5,4645,1
13:41:27,9.29,33,30656,1
13:41:24,9.28,1,927,-1
13:41:21,9.28,1,927,-1
13:41:03,9.28,5,4640,-1
13:40:54,9.28,1,927,-1
13:40:39,9.29,72,66888,1
13:40:33,9.29,68,63171,1
13:40:30,9.29,5,4645,1
13:40:27,9.28,10,9280,-1
13:40:21,9.28,1,927,-1
13:40:09,9.29,13,12076,1
13:40:06,9.29,1,928,1
13:40:03,9.28,53,49184,-1
13:39:57,9.28,62,57535,-1
13:39:51,9.28,31,28767,-1
13:39:48,9.28,1,927,-1
13:39:45,9.28,103,95584,-1
13:39:42,9.28,13,12064,-1
13:39:39,9.28,7,6496,-1
13:39:33,9.28,3,2784,-1
13:39:30,9.28,202,187456,-1
13:39:18,9.28,20,18560,-1
13:39:15,9.28,50,46400,-1
13:39:12,9.29,2,1857,1
13:39:09,9.28,50,46400,-1
13:39:03,9.28,121,112287,-1
13:38:51,9.28,7,7377,-1
13:38:48,9.28,70,64959,-1
13:38:45,9.28,10,9280,-1
13:38:36,9.28,11,10208,-1
13:38:33,9.28,20,18560,-1
13:38:30,9.29,3,2786,1
13:38:27,9.28,26,24128,-1
13:38:21,9.28,7,6496,-1
13:38:03,9.28,6,5568,-1
13:37:54,9.29,2,1857,1
13:37:51,9.28,30,27839,-1
13:37:45,9.29,10,9290,1
13:37:33,9.28,1,927,-1
13:37:30,9.29,11,10218,1
13:37:09,9.3,50,46500,1
13:37:06,9.28,111,103008,-1
13:37:00,9.3,10,9300,1
13:36:51,9.29,125,116124,-1
13:36:48,9.29,1,928,-1
13:36:45,9.29,15,13934,-1
13:36:42,9.29,349,324220,-1
13:36:30,9.29,30,27869,-1
13:36:27,9.29,10,9290,-1
13:36:24,9.29,7,6502,-1
13:36:12,9.29,1,928,-1
13:35:57,9.29,24,22295,-1
13:35:54,9.29,1,928,-1
13:35:42,9.29,1,928,-1
13:35:39,9.3,200,186000,1
13:35:36,9.3,10,9300,1
13:35:15,9.29,6,5573,-1
13:35:12,9.29,2,1857,-1
13:35:06,9.3,54,50220,-1
13:35:00,9.3,5,4650,-1
13:34:54,9.3,19,17670,-1
13:34:45,9.3,115,106950,-1
13:34:42,9.3,6,5580,-1
13:34:36,9.3,10,9300,-1
13:34:33,9.3,33,30690,-1
13:34:27,9.31,100,93100,1
13:34:24,9.31,12,11172,1
13:34:21,9.3,161,149730,-1
13:34:15,9.31,200,186200,1
13:34:12,9.3,67,62310,-1
13:34:00,9.3,2,1860,-1
13:33:54,9.3,5,4650,-1
13:33:51,9.3,1,930,-1
13:33:45,9.31,215,200165,1
13:33:42,9.3,14,13020,-1
13:33:39,9.3,3,2790,-1
13:33:33,9.31,50,46550,1
13:33:21,9.3,1,930,-1
13:33:18,9.3,15,13950,-1
13:33:12,9.31,11,10241,1
13:33:09,9.31,20,18620,1
13:33:03,9.3,1000,930000,-1
13:32:51,9.3,1,930,-1
13:32:36,9.31,2,1862,1
13:32:30,9.31,48,44688,1
13:32:21,9.3,1,930,-1
13:32:12,9.3,10,9300,-1
13:32:09,9.3,148,137640,1
13:32:06,9.3,5,4650,1
13:32:00,9.29,3,2786,-1
13:31:51,9.29,1,928,-1
13:31:45,9.29,100,92899,-1
13:31:33,9.29,1,928,-1
13:31:30,9.29,1,928,-1
13:31:24,9.29,18,16722,-1
13:31:15,9.3,16,14880,1
13:31:12,9.29,12,11147,-1
13:31:06,9.29,5,4645,-1
13:31:00,9.29,1,928,-1
13:30:54,9.29,139,129130,-1
13:30:48,9.3,8,7440,-1
13:30:45,9.3,30,27900,1
13:30:42,9.3,19,17670,1
13:30:30,9.29,1,928,-1
13:30:27,9.3,66,61380,1
13:30:21,9.3,1,930,1
13:30:12,9.29,297,275913,-1
13:30:06,9.3,2,1860,1
13:30:03,9.29,12,11147,-1
13:30:00,9.29,1,928,-1
13:29:45,9.3,33,30690,0
13:29:33,9.31,7,6517,1
13:29:30,9.29,1,928,-1
13:29:21,9.29,91,84538,-1
13:29:18,9.31,152,141512,1
13:29:12,9.3,1,930,-1
13:29:09,9.3,69,64170,1
13:29:06,9.3,2,1860,1
13:29:03,9.3,1,930,1
13:28:57,9.3,10,9300,1
13:28:54,9.3,217,201810,1
13:28:42,9.29,1,928,-1
13:28:39,9.3,5,4650,1
13:28:36,9.3,427,397110,1
13:28:27,9.3,20,18600,1
13:28:24,9.3,5,4650,1
13:28:18,9.3,315,292950,1
13:28:12,9.3,5,4650,1
13:28:09,9.29,50,46449,-1
13:28:03,9.3,1,930,1
13:28:00,9.29,14,13005,-1
13:27:54,9.29,8,7431,-1
13:27:48,9.3,25,23250,1
13:27:45,9.3,8,7440,1
13:27:39,9.29,3,2786,0
13:27:12,9.28,60,55679,-1
13:27:09,9.3,14,13020,-1
13:27:06,9.3,158,147860,1
13:27:03,9.29,22,20437,-1
13:27:00,9.3,50,46500,1
13:26:57,9.3,1,930,1
13:26:54,9.3,98,91140,1
13:26:39,9.29,1,928,-1
13:26:36,9.3,452,420360,1
13:26:33,9.28,51,47328,1
13:26:30,9.28,60,55679,1
13:26:21,9.27,1,927,-1
13:26:18,9.28,1000,927999,1
13:26:09,9.28,55,51040,1
13:25:57,9.27,8,7416,-1
13:25:54,9.28,4,3711,1
13:25:51,9.27,107,99189,-1
13:25:45,9.27,11,10197,-1
13:25:42,9.28,1,927,1
13:25:39,9.27,2,1854,-1
13:25:36,9.27,86,79722,-1
13:25:33,9.27,8,7416,-1
13:25:30,9.28,70,64959,1
13:25:27,9.28,5,4640,1
13:25:24,9.27,8,7416,-1
13:25:21,9.27,1,927,-1
13:25:15,9.28,34,31551,1
13:25:03,9.27,7,6489,-1
13:24:54,9.28,110,102080,1
13:24:51,9.27,8,7416,-1
13:24:45,9.27,200,185400,-1
13:24:42,9.28,20,18560,1
13:24:39,9.27,8,7416,-1
13:24:36,9.28,200,185600,1
13:24:33,9.28,3,2784,1
13:24:30,9.27,8,7416,-1
13:24:27,9.28,10,9280,1
13:24:18,9.27,9,8343,-1
13:24:15,9.27,10,9270,-1
13:24:09,9.28,1,927,1
13:24:06,9.27,8,7416,-1
13:24:03,9.28,14,12992,1
13:23:57,9.28,12,11145,-1
13:23:54,9.28,20,18560,-1
13:23:48,9.29,45,41804,1
13:23:45,9.28,8,7423,-1
13:23:36,9.28,24,22272,-1
13:23:33,9.28,8,7423,-1
13:23:30,9.28,101,94646,1
13:23:24,9.27,8,7416,-1
13:23:21,9.28,77,71456,1
13:23:15,9.28,178,165471,1
13:23:12,9.28,33,30623,1
13:23:09,9.27,40,37080,-1
13:23:06,9.28,1,927,1
13:23:03,9.27,14,12978,-1
13:23:00,9.27,43,39861,-1
13:22:51,9.28,23,21344,1
13:22:48,9.27,8,7416,-1
13:22:45,9.28,6,5568,1
13:22:42,9.28,15,13919,1
13:22:39,9.27,8,7416,-1
13:22:36,9.28,26,24128,1
13:22:33,9.28,3,2784,1
13:22:30,9.28,30,27839,1
13:22:27,9.28,74,68672,1
13:22:24,9.28,20,18560,1
13:22:21,9.28,10,9280,1
13:22:18,9.27,8,7416,-1
13:22:12,9.28,1,927,1
13:22:06,9.28,39,36192,1
13:22:03,9.28,20,18560,1
13:21:54,9.27,9,8343,-1
13:21:51,9.27,200,185400,-1
13:21:48,9.27,215,199305,1
13:21:42,9.26,8,7408,-1
13:21:33,9.27,15,13905,1
13:21:30,9.26,7,6482,-1
13:21:27,9.27,20,18540,1
13:21:24,9.27,10,9270,1
13:21:21,9.26,9,8334,-1
13:21:09,9.26,8,7408,-1
13:21:03,9.26,75,69450,-1
13:21:00,9.27,55,50985,1
13:20:57,9.26,8,7408,-1
13:20:54,9.27,70,64890,1
13:20:48,9.27,1,927,1
13:20:45,9.26,7,6482,-1
13:20:42,9.26,632,585232,-1
13:20:39,9.27,10,9270,1
13:20:36,9.27,19,17613,1
13:20:27,9.27,5,4635,1
13:20:24,9.27,16,14832,1
13:20:18,9.26,15,13890,-1
13:20:12,9.26,7,6482,-1
13:20:09,9.27,10,9270,1
13:20:03,9.26,21,19446,-1
13:20:00,9.26,16,14816,-1
13:19:54,9.27,1,927,1
13:19:51,9.26,0,916,-1
13:19:48,9.26,8,7408,-1
13:19:39,9.27,13,12051,1
13:19:27,9.26,27,25002,-1
13:19:24,9.26,5,4630,-1
13:19:21,9.27,10,9270,1
13:19:18,9.26,8,7408,-1
13:19:15,9.26,7,6482,-1
13:19:12,9.27,50,46350,1
13:19:06,9.26,8,7408,-1
13:19:03,9.26,111,102786,-1
13:18:57,9.26,5,4630,-1
13:18:54,9.26,8,7408,-1
13:18:48,9.27,68,63036,1
13:18:45,9.26,7,6482,-1
13:18:39,9.27,1,927,1
13:18:36,9.26,10,9260,-1
13:18:33,9.26,8,7408,-1
13:18:30,9.27,11,10197,0
13:18:21,9.26,430,398180,-1
13:18:18,9.26,374,346324,-1
13:18:15,9.27,15,13905,1
13:18:12,9.27,71,65817,1
13:18:09,9.26,18,16668,-1
13:18:00,9.26,56,51856,-1
13:17:57,9.27,5,4635,1
13:17:54,9.26,113,104638,-1
13:17:51,9.27,118,109386,1
13:17:48,9.26,7,6482,-1
13:17:45,9.27,11,10197,1
13:17:42,9.27,47,43569,1
13:17:39,9.27,327,303138,-1
13:17:27,9.27,9,8343,-1
13:17:18,9.28,10,9280,1
13:17:15,9.27,8,7416,-1
13:17:09,9.27,1,927,-1
13:17:06,9.28,107,99296,1
13:17:03,9.28,1,927,1
13:17:00,9.27,12,11124,-1
13:16:54,9.28,10,9280,1
13:16:51,9.27,50,46350,-1
13:16:42,9.27,47,43569,-1
13:16:39,9.27,90,83430,-1
13:16:30,9.27,157,145539,-1
13:16:21,9.27,8,7416,-1
13:16:18,9.28,105,97440,1
13:16:12,9.28,70,64959,1
13:16:09,9.27,14,12978,-1
13:16:03,9.28,214,198592,1
13:15:57,9.28,21,19488,1
13:15:54,9.28,300,278400,1
13:15:48,9.28,36,33408,1
13:15:45,9.28,4,3711,1
13:15:36,9.28,36,33408,1
13:15:33,9.28,30,27839,1
13:15:21,9.27,30,27810,-1
13:15:18,9.28,93,86304,1
13:15:09,9.27,2,1854,-1
13:14:48,9.27,19,18530,-1
13:14:42,9.27,11,10197,-1
13:14:36,9.27,150,139050,-1
13:14:18,9.28,2,1855,1
13:14:09,9.28,14,12992,1
13:14:06,9.28,21,19488,1
13:14:03,9.28,2,1855,1
13:13:57,9.28,62,57535,1
13:13:51,9.28,10,9280,1
13:13:24,9.28,5,4640,1
13:13:15,9.26,12,11112,-1
13:13:09,9.26,100,92600,-1
13:13:06,9.27,22,20394,1
13:13:03,9.26,18,16668,-1
13:13:00,9.26,2,1852,-1
13:12:54,9.27,20,18540,0
13:12:42,9.26,1698,1572348,-1
13:12:30,9.27,1,927,-1
13:12:21,9.27,663,614601,-1
13:12:18,9.28,20,18560,-1
13:12:15,9.28,5,4640,-1
13:12:06,9.28,1,927,-1
13:11:54,9.28,1,927,-1
13:11:33,9.29,1,928,1
13:11:30,9.28,20,18560,-1
13:11:27,9.29,21,19509,1
13:11:24,9.28,50,46400,-1
13:11:21,9.28,40,37120,-1
13:11:18,9.28,100,92800,-1
13:11:12,9.28,49,45472,-1
13:11:09,9.28,64,59391,1
13:11:03,9.27,10,9270,-1
13:10:45,9.28,52,48256,1
13:10:30,9.28,78,72384,-1
13:10:24,9.29,1,928,1
13:10:06,9.28,22,20416,1
13:09:54,9.27,129,119583,-1
13:09:48,9.27,9,8343,0
13:09:36,9.26,9,8334,-1
13:09:33,9.27,7,6489,0
13:09:21,9.27,8,7416,1
13:09:18,9.27,48,44496,1
13:09:15,9.26,20,18520,-1
13:09:09,9.27,108,100116,1
13:09:06,9.27,10,9270,1
13:08:42,9.27,2,1854,1
13:08:39,9.27,1180,1093860,-1
13:08:36,9.27,6,5562,-1
13:08:27,9.28,5,4640,1
13:08:24,9.27,2,1854,-1
13:08:21,9.28,55,51040,1
13:08:09,9.27,100,92700,-1
13:07:57,9.28,1,927,1
13:07:51,9.27,39,36153,-1
13:07:48,9.27,5,4635,-1
13:07:45,9.27,12,11124,-1
13:07:15,9.27,6,5562,-1
13:07:12,9.27,2,1854,1
13:07:03,9.27,21,19467,1
13:06:54,9.27,2,1854,1
13:06:51,9.27,8,7416,1
13:06:45,9.27,11,10197,1
13:06:42,9.27,4,3708,1
13:06:39,9.27,4,3708,1
13:06:33,9.27,5,4635,1
13:06:27,9.27,80,74160,-1
13:06:24,9.27,6,5562,1
13:06:03,9.26,422,390772,1
13:06:00,9.26,116,107416,1
13:05:54,9.26,6,5556,1
13:05:51,9.26,63,58338,1
13:05:36,9.25,5,4625,-1
13:05:33,9.25,201,185925,1
13:05:30,9.25,17,15725,1
13:05:27,9.25,18,16650,1
13:05:21,9.25,272,251600,-1
13:05:15,9.25,65,60125,-1
13:05:12,9.26,2,1852,1
13:05:09,9.25,81,74925,-1
13:05:06,9.25,1,925,-1
13:04:57,9.25,240,222000,-1
13:04:54,9.25,10,9250,-1
13:04:45,9.25,7,6475,-1
13:04:39,9.25,3,2775,-1
13:04:30,9.25,5,4625,1
13:04:27,9.25,2,1850,1
13:04:24,9.25,3,2775,1
13:04:18,9.26,1,926,1
13:04:15,9.24,994,918456,-1
13:04:09,9.26,9,8334,-1
13:04:06,9.27,25,23175,1
13:03:48,9.27,2,1854,1
13:03:39,9.28,10,9280,-1
13:03:36,9.28,15,13919,-1
13:03:33,9.28,78,72384,1
13:03:30,9.24,3089,2854236,-1
13:03:27,9.28,4,3711,1
13:03:24,9.28,2,1855,1
13:03:09,9.28,43,39904,1
13:02:45,9.28,34,31551,1
13:02:39,9.28,505,468639,-1
13:02:33,9.29,2,1857,0
13:02:15,9.29,10,9290,-1
13:02:09,9.29,95,88254,-1
13:02:06,9.3,10,9300,1
13:02:03,9.3,10,9300,1
13:01:57,9.3,1,930,1
13:01:54,9.3,17,15810,1
13:01:51,9.3,10,9300,1
13:01:48,9.29,12,11147,0
13:01:45,9.29,6,5573,0
13:01:36,9.28,110,102080,-1
13:01:15,9.29,1,928,-1
13:00:48,9.3,5,4650,1
13:00:30,9.3,14,13020,0
13:00:24,9.31,459,427329,1
13:00:21,9.28,36,33408,-1
13:00:18,9.3,200,186000,1
13:00:15,9.28,101,93728,-1
13:00:09,9.29,4,3715,-1
13:00:06,9.29,1210,1125009,1
13:00:03,9.28,9,8352,-1
11:30:03,9.28,1,927,-1
11:29:57,9.29,2,1857,1
11:29:48,9.28,9,8352,-1
11:29:42,9.28,30,27839,-1
11:29:39,9.28,25,23200,-1
11:29:36,9.29,11,10218,1
11:29:21,9.29,12,11147,1
11:29:18,9.28,65,60319,-1
11:29:12,9.29,1,928,1
11:29:06,9.28,2,1855,0
11:29:00,9.28,34,31551,1
11:28:51,9.28,12,11136,1
11:28:45,9.28,42,38976,1
11:28:42,9.28,5,4640,1
11:28:39,9.28,27,25056,-1
11:28:36,9.28,1,927,-1
11:28:30,9.28,84,77952,1
11:28:27,9.28,10,9280,1
11:28:21,9.28,5,4640,1
11:28:18,9.28,10,9280,1
11:28:12,9.28,5,4640,1
11:28:06,9.28,16,14847,1
11:28:03,9.28,15,13919,1
11:27:54,9.27,81,75087,-1
11:27:51,9.28,144,133632,1
11:27:42,9.28,3,2784,1
11:27:36,9.28,55,51040,1
11:27:27,9.28,2,1855,1
11:27:21,9.28,5,4640,1
11:27:18,9.28,14,12992,1
11:27:12,9.27,20,18540,-1
11:27:06,9.28,2,1855,1
11:27:03,9.27,7,6489,-1
11:27:00,9.27,19,17613,-1
11:26:57,9.28,3,2784,1
11:26:48,9.28,5,4640,1
11:26:36,9.28,3,2784,1
11:26:24,9.27,36,33372,1
11:26:18,9.27,135,125145,1
11:26:09,9.27,5,4635,1
11:26:06,9.27,128,118656,1
11:25:54,9.26,10,9260,-1
11:25:51,9.27,21,19467,1
11:25:45,9.26,12,11112,-1
11:25:36,9.27,18,16686,1
11:25:33,9.25,250,231250,-1
11:25:30,9.26,337,312062,-1
11:25:27,9.26,10,9260,-1
11:25:24,9.26,106,98156,-1
11:25:21,9.26,2,1852,-1
11:25:18,9.26,11,10186,-1
11:25:15,9.26,225,208350,1
11:25:12,9.26,135,125010,0
11:25:09,9.25,1000,925000,-1
11:25:06,9.27,3,2781,1
11:25:03,9.26,29,26854,-1
11:25:00,9.27,29,26883,1
11:24:57,9.27,6,5562,1
11:24:54,9.27,66,61182,-1
11:24:51,9.27,20,18540,-1
11:24:48,9.26,19,17594,-1
11:24:39,9.27,22,20394,0
11:24:33,9.25,1384,1280200,-1
11:24:30,9.27,5,4635,-1
11:24:27,9.27,74,69469,1
11:24:21,9.27,18,16686,1
11:24:15,9.26,300,277800,-1
11:24:12,9.27,39,36153,-1
11:24:09,9.27,19,17613,-1
11:24:06,9.27,66,61182,-1
11:24:03,9.28,14,12992,1
11:24:00,9.28,3,2784,1
11:23:54,9.27,10,9270,0
11:23:39,9.28,5,4640,1
11:23:36,9.28,3,2784,-1
11:23:33,9.29,2421,2249109,1
11:23:30,9.28,43,39904,-1
11:23:21,9.28,100,92800,-1
11:23:06,9.29,15,13934,1
11:23:03,9.28,25,23200,1
11:23:00,9.27,67,62109,-1
11:22:57,9.28,35,32479,1
11:22:54,9.28,40,37120,1
11:22:51,9.28,31,28767,1
11:22:48,9.28,165,153120,-1
11:22:39,9.28,27,25056,-1
11:22:33,9.28,175,162400,-1
11:22:27,9.28,20,18560,-1
11:22:24,9.28,110,102080,-1
11:22:21,9.28,34,31551,-1
11:22:18,9.28,14,12992,-1
11:22:15,9.28,28,25984,1
11:22:12,9.27,182,168714,-1
11:22:09,9.27,157,145539,-1
11:22:06,9.28,29,26911,1
11:21:54,9.28,59,54751,-1
11:21:48,9.28,1,927,-1
11:21:42,9.28,27,25056,1
11:21:39,9.28,3,2784,-1
11:21:36,9.27,80,74160,-1
11:21:27,9.29,249,231320,1
11:21:24,9.28,95,88160,-1
11:21:21,9.29,35,32514,1
11:21:18,9.28,25,23200,-1
11:21:09,9.29,24,22295,1
11:21:06,9.28,44,40832,-1
11:21:03,9.29,219,203450,-1
11:21:00,9.3,5,4650,1
11:20:54,9.3,5,4650,1
11:20:51,9.3,1198,1114140,-1
11:20:45,9.3,1,930,-1
11:20:42,9.3,16,14880,-1
11:20:30,9.31,431,401261,-1
11:20:27,9.31,1,931,-1
11:20:00,9.32,151,140732,1
11:19:42,9.32,2,1864,1
11:19:39,9.32,35,32620,1
11:19:33,9.31,100,93100,-1
11:19:30,9.31,85,79135,-1
11:19:06,9.31,9,8379,1
11:19:03,9.31,82,76342,-1
11:19:00,9.31,5,4655,-1
11:18:57,9.31,1,931,-1
11:18:54,9.31,10,9310,-1
11:18:42,9.31,54,50274,1
11:18:39,9.31,6,5586,1
11:18:36,9.31,2,1862,1
11:18:30,9.31,25,23275,1
11:18:27,9.31,81,75411,-1
11:18:09,9.31,1,931,-1
11:18:06,9.31,1,931,-1
11:18:03,9.32,1,932,1
11:18:00,9.31,1,931,-1
11:17:57,9.31,1,931,1
11:17:54,9.3,9,8370,-1
11:17:51,9.32,26,24232,1
11:17:48,9.31,32,29792,1
11:17:45,9.31,30,27930,1
11:17:42,9.31,3,2793,1
11:17:39,9.3,5,4650,-1
11:17:36,9.31,2,1862,1
11:17:33,9.3,374,347820,-1
11:17:27,9.31,32,29792,1
11:17:15,9.31,76,70756,1
11:17:09,9.3,1,930,-1
11:16:51,9.31,42,39102,-1
11:16:48,9.32,10,9320,1
11:16:45,9.31,196,182476,-1
11:16:39,9.31,1,931,-1
11:16:36,9.31,79,73549,-1
11:16:33,9.31,5,4655,-1
11:16:24,9.31,32,29792,1
11:16:18,9.31,1,931,1
11:16:15,9.31,48,44688,1
11:16:09,9.31,70,65170,-1
11:16:06,9.32,5,4660,1
11:16:00,9.31,70,65170,-1
11:15:57,9.31,1,931,-1
11:15:51,9.32,1,932,1
11:15:48,9.31,1,931,-1
11:15:42,9.31,65,60515,-1
11:15:39,9.32,10,9320,1
11:15:36,9.31,6,5586,-1
11:15:30,9.32,120,111840,1
11:15:27,9.31,630,586530,-1
11:15:18,9.31,14,13034,-1
11:15:15,9.32,6,5592,1
11:15:09,9.32,121,112772,-1
11:15:06,9.33,6,5598,1
11:15:03,9.33,21,19593,1
11:15:00,9.32,30,27960,-1
11:14:57,9.32,24,22368,-1
11:14:54,9.32,5,4660,-1
11:14:48,9.33,21,19593,1
11:14:45,9.33,68,63444,0
11:14:36,9.34,31,28954,1
11:14:30,9.32,2000,1864000,-1
11:14:24,9.33,25,23325,-1
11:14:18,9.34,57,53238,1
11:14:15,9.33,507,473031,-1
11:14:12,9.34,7,6538,1
11:14:06,9.34,100,93400,1
11:14:00,9.34,50,46700,1
11:13:51,9.34,16,14944,1
11:13:48,9.34,6,5604,1
11:13:45,9.33,100,93300,-1
11:13:42,9.34,30,28020,-1
11:13:33,9.34,79,73786,1
11:13:21,9.33,10,9330,-1
11:13:18,9.33,1,933,-1
11:13:12,9.33,25,23325,-1
11:12:57,9.33,1,933,-1
11:12:54,9.33,48,44784,-1
11:12:48,9.34,1,934,1
11:12:45,9.34,20,18680,0
11:12:39,9.33,150,139950,-1
11:12:36,9.34,15,14010,-1
11:12:33,9.34,10,9340,-1
11:12:27,9.34,1,934,-1
11:12:21,9.34,5,4670,-1
11:12:15,9.34,21,19614,-1
11:12:06,9.34,15,14010,-1
11:11:57,9.34,1,934,-1
11:11:48,9.34,21,19614,-1
11:11:45,9.35,20,18700,1
11:11:30,9.35,4,3740,1
11:11:27,9.33,1,933,-1
11:11:24,9.36,21,19656,1
11:11:21,9.36,18,16848,1
11:11:18,9.33,500,466500,-1
11:11:12,9.36,120,112320,1
11:11:09,9.35,5,4675,-1
11:11:03,9.35,4,3740,-1
11:10:57,9.35,11,10285,-1
11:10:54,9.35,40,37400,-1
11:10:48,9.35,14,13090,-1
11:10:39,9.35,51,47685,-1
11:10:33,9.35,22,20570,-1
11:10:30,9.35,1,935,-1
11:10:27,9.35,1,935,-1
11:10:21,9.35,370,345950,1
11:10:09,9.35,46,43010,1
11:10:06,9.34,5,4670,-1
11:10:03,9.35,8,7480,1
11:09:57,9.35,20,18700,1
11:09:54,9.35,10,9350,1
11:09:45,9.35,30,28050,1
11:09:39,9.35,3,2805,1
11:09:21,9.35,3,2805,1
11:09:15,9.35,2,1870,1
11:09:09,9.34,1,934,-1
11:09:03,9.35,16,14960,1
11:08:54,9.34,53,49502,-1
11:08:51,9.35,9,8415,1
11:08:36,9.34,1,934,-1
11:08:30,9.34,20,18680,-1
11:08:21,9.35,13,12155,1
11:08:18,9.34,27,25218,-1
11:08:12,9.34,26,24284,-1
11:08:09,9.34,100,93400,-1
11:08:06,9.34,1,934,-1
11:07:54,9.34,75,70050,-1
11:07:42,9.34,7,6538,-1
11:07:39,9.34,64,59776,-1
11:07:36,9.34,1,934,-1
11:07:33,9.35,70,65450,1
11:07:24,9.34,51,47634,-1
11:07:18,9.34,21,19614,-1
11:07:15,9.35,3,2805,1
11:07:03,9.35,6,5610,1
11:07:00,9.35,10,9350,1
11:06:54,9.35,18,16830,1
11:06:48,9.34,11,10274,-1
11:06:45,9.34,9,8406,-1
11:06:42,9.35,10,9350,1
11:06:36,9.35,5,4675,1
11:06:24,9.35,36,33660,1
11:06:21,9.35,5,4675,1
11:06:15,9.34,1,934,-1
11:06:03,9.35,100,93500,1
11:06:00,9.35,6,5610,1
11:05:45,9.34,1,934,-1
11:05:36,9.34,226,211084,1
11:05:33,9.34,18,16812,1
11:05:24,9.34,22,20548,1
11:05:21,9.34,1,934,1
11:05:18,9.33,1,933,-1
11:05:15,9.33,1,933,-1
11:05:12,9.34,13,12142,1
11:05:03,9.33,1,933,-1
11:05:00,9.34,25,23350,1
11:04:57,9.33,1,933,-1
11:04:51,9.34,5,4670,1
11:04:48,9.33,111,103563,-1
11:04:36,9.33,111,103563,-1
11:04:27,9.33,1,933,-1
11:04:03,9.34,4,3736,1
11:03:57,9.33,1,933,-1
11:03:51,9.34,100,93400,1
11:03:30,9.34,20,18680,1
11:03:27,9.33,1,933,-1
11:03:06,9.34,57,53238,-1
11:03:00,9.34,2,1868,-1
11:02:57,9.34,1,934,0
11:02:51,9.34,5,4670,-1
11:02:45,9.34,50,46700,-1
11:02:42,9.34,6,5604,-1
11:02:39,9.35,5,4675,1
11:02:33,9.34,39,36426,1
11:02:27,9.34,16,14944,1
11:02:15,9.34,12,11208,1
11:02:12,9.34,66,61644,-1
11:02:09,9.34,53,49502,-1
11:02:06,9.34,1,934,-1
11:02:03,9.35,11,10285,1
11:01:45,9.34,10,9340,-1
11:01:39,9.34,6,5604,-1
11:01:36,9.34,2,1868,-1
11:01:24,9.34,45,42030,-1
11:01:21,9.35,50,46750,1
11:01:09,9.34,15,14010,-1
11:01:06,9.34,1,934,-1
11:01:03,9.35,22,20570,1
11:01:00,9.35,3,2805,1
11:00:57,9.34,72,67248,1
11:00:54,9.34,7,6538,1
11:00:51,9.34,82,76588,1
11:00:48,9.34,250,233500,1
11:00:45,9.34,4,3736,1
11:00:42,9.34,12,11208,1
11:00:39,9.34,16,14944,1
11:00:36,9.33,1,933,-1
11:00:33,9.34,8,7472,1
11:00:27,9.34,3,2802,1
11:00:24,9.34,56,52304,1
11:00:12,9.34,50,46700,1
11:00:06,9.33,1,933,-1
11:00:03,9.34,6,5604,1
10:59:51,9.34,23,21482,1
10:59:45,9.33,107,99831,-1
10:59:39,9.33,10,9330,-1
10:59:36,9.33,1,933,-1
10:59:30,9.33,233,217389,-1
10:59:27,9.34,14,13076,1
10:59:24,9.33,283,264039,-1
10:59:18,9.33,30,27990,-1
10:59:15,9.33,1,933,-1
10:59:12,9.33,10,9330,-1
10:59:00,9.33,10,9330,-1
10:58:57,9.33,147,137151,-1
10:58:54,9.33,31,28923,-1
10:58:45,9.33,1,933,-1
10:58:39,9.33,18,16794,-1
10:58:36,9.33,2000,1866000,-1
10:58:30,9.34,10,9340,-1
10:58:24,9.33,152,141816,-1
10:58:18,9.34,98,91532,-1
10:58:15,9.34,64,59776,1
10:58:12,9.33,5,4665,-1
10:58:06,9.34,41,38294,1
10:58:03,9.34,928,866752,-1
10:57:51,9.35,295,275825,1
10:57:45,9.34,15,14010,-1
10:57:36,9.35,20,18700,1
10:57:30,9.35,1,935,1
10:57:27,9.35,298,278630,-1
10:57:21,9.36,1,936,1
10:57:15,9.35,1,935,-1
10:57:12,9.35,55,51425,-1
10:57:09,9.36,10,9360,1
10:57:03,9.35,17,15895,-1
10:57:00,9.36,5,4680,1
10:56:57,9.35,1,935,-1
10:56:48,9.36,45,42120,1
10:56:45,9.35,86,80410,-1
10:56:42,9.35,360,336600,-1
10:56:33,9.36,6,5616,1
10:56:30,9.36,22,20592,1
10:56:24,9.35,1,935,-1
10:55:57,9.36,5,4680,1
10:55:54,9.35,1,935,0
10:55:42,9.34,15,14010,-1
10:55:39,9.35,41,38447,1
10:55:36,9.34,3,2802,-1
10:55:33,9.35,19,17765,1
10:55:27,9.35,5,4675,1
10:55:24,9.35,97,90695,1
10:55:21,9.35,110,102850,1
10:55:18,9.35,1,935,1
10:55:15,9.35,78,72930,-1
10:55:06,9.36,35,32759,1
10:55:03,9.35,100,93500,1
10:54:57,9.35,250,233750,1
10:54:54,9.35,6,5610,1
10:54:51,9.34,1,934,-1
10:54:48,9.35,20,18700,1
10:54:36,9.34,13,12142,-1
10:54:33,9.35,93,86955,1
10:54:24,9.34,31,28954,-1
10:54:21,9.34,50,46700,-1
10:54:18,9.35,73,68255,1
10:54:06,9.34,1,934,-1
10:53:54,9.34,1,934,-1
10:53:51,9.34,64,59785,-1
10:53:48,9.34,3,2802,-1
10:53:42,9.34,32,29888,-1
10:53:39,9.34,4,3736,-1
10:53:36,9.34,3,2802,-1
10:53:33,9.34,1,934,-1
10:53:30,9.34,47,43898,-1
10:53:18,9.34,3,2802,-1
10:53:15,9.34,15,14010,-1
10:53:09,9.34,8,7472,-1
10:53:06,9.34,15,14010,-1
10:53:03,9.34,1,934,-1
10:52:54,9.34,194,181196,-1
10:52:51,9.35,658,615230,1
10:52:45,9.34,2,1868,-1
10:52:42,9.34,193,180262,-1
10:52:39,9.35,5,4675,1
10:52:33,9.34,20,18680,-1
10:52:30,9.34,106,99004,-1
10:52:27,9.34,169,157846,-1
10:52:21,9.34,13,12142,-1
10:52:18,9.34,40,37360,-1
10:52:12,9.35,10,9350,1
10:52:06,9.34,100,93400,-1
10:52:03,9.35,3,2805,1
10:51:48,9.35,1,935,1
10:51:39,9.35,2,1870,1
10:51:33,9.34,170,158780,-1
10:51:30,9.35,17,15895,-1
10:51:27,9.35,100,93500,-1
10:51:24,9.35,5,4675,-1
10:51:21,9.35,222,207570,-1
10:51:18,9.35,33,30855,-1
10:51:09,9.35,450,420750,-1
10:51:06,9.35,48,44880,-1
10:50:57,9.35,22,20570,-1
10:50:51,9.35,4,3740,-1
10:50:48,9.36,152,142272,1
10:50:42,9.36,59,55224,1
10:50:39,9.36,46,43056,1
10:50:33,9.36,1,936,1
10:50:30,9.36,1,936,1
10:50:27,9.36,83,77688,-1
10:50:24,9.36,5,4680,-1
10:50:21,9.36,2,1872,-1
10:50:15,9.37,11,10307,1
10:50:12,9.36,109,102024,-1
10:50:06,9.37,10,9370,1
10:50:03,9.36,20,18720,-1
10:49:57,9.37,15,14054,1
10:49:48,9.37,11,10307,1
10:49:39,9.37,59,55282,1
10:49:36,9.37,82,76834,-1
10:49:30,9.37,10,9370,-1
10:49:27,9.37,1,936,-1
10:49:24,9.38,26,24388,0
10:49:18,9.37,49,45912,-1
10:49:15,9.39,60,56340,1
10:49:00,9.39,1,939,1
10:48:57,9.39,3,2817,0
10:48:51,9.4,11,10340,1
10:48:45,9.4,227,213380,1
10:48:33,9.4,1779,1672260,1
10:48:30,9.36,725,678600,-1
10:48:24,9.38,406,380828,1
10:48:18,9.37,20,18740,-1
10:48:12,9.37,167,156479,1
10:48:03,9.37,59,55282,1
10:47:48,9.36,100,93600,-1
10:47:45,9.37,10,9370,1
10:47:42,9.36,11,10296,-1
10:47:39,9.37,8,7495,1
10:47:33,9.36,159,148824,1
10:47:30,9.36,162,151632,-1
10:47:27,9.36,28,26208,-1
10:47:18,9.37,1,936,1
10:47:15,9.36,17,15911,-1
10:47:12,9.37,241,225816,1
10:46:57,9.36,5,4680,-1
10:46:54,9.36,5,4680,-1
10:46:51,9.36,20,18720,-1
10:46:42,9.36,1,936,1
10:46:39,9.36,50,46800,1
10:46:36,9.36,1,936,1
10:46:30,9.35,50,46750,-1
10:46:24,9.36,25,23400,1
10:46:15,9.36,10,9360,1
10:46:12,9.36,413,386568,1
10:46:09,9.35,2,1870,-1
10:45:54,9.36,5,4680,1
10:45:51,9.36,44,41184,1
10:45:48,9.36,30,28080,1
10:45:39,9.36,10,9360,1
10:45:36,9.36,37,34632,1
10:45:21,9.36,30,28080,1
10:45:15,9.35,20,18700,-1
10:45:12,9.35,23,21505,-1
10:45:06,9.35,10,9350,-1
10:45:03,9.35,50,46750,-1
10:45:00,9.35,16,14960,-1
10:44:57,9.35,35,32725,-1
10:44:48,9.35,34,31790,0
10:44:39,9.34,98,91532,-1
10:44:36,9.35,16,14960,1
10:44:33,9.35,5,4675,-1
10:44:30,9.35,324,302940,1
10:44:27,9.35,9,8415,1
10:44:24,9.35,31,28985,-1
10:44:21,9.35,12,11220,1
10:44:18,9.35,108,100980,-1
10:44:12,9.35,19,17765,-1
10:44:00,9.35,14,13090,-1
10:43:54,9.36,1,936,1
10:43:48,9.35,32,29920,1
10:43:45,9.35,10,9350,-1
10:43:42,9.35,4,3740,1
10:43:33,9.35,1,935,-1
10:43:27,9.35,2,1870,1
10:43:21,9.35,35,32725,1
10:43:18,9.35,63,58905,-1
10:43:15,9.35,31,28985,1
10:43:09,9.35,9,8415,-1
10:43:06,9.35,4,3740,-1
10:43:00,9.35,22,20570,-1
10:42:57,9.35,100,93500,-1
10:42:54,9.35,33,30855,-1
10:42:39,9.35,14,13090,-1
10:42:33,9.36,122,114192,1
10:42:21,9.36,2,1872,1
10:42:18,9.35,24,22440,-1
10:42:06,9.36,10,9360,1
10:41:51,9.36,10,9360,1
10:41:48,9.35,83,77605,1
10:41:42,9.35,10,9350,1
10:41:36,9.34,23,21482,-1
10:41:33,9.35,25,23375,1
10:41:27,9.35,203,189805,-1
10:41:09,9.36,6,5616,1
10:40:57,9.36,15,14040,1
10:40:51,9.35,18,16830,-1
10:40:48,9.36,20,18720,-1
10:40:45,9.36,1,936,0
10:40:42,9.35,250,233750,-1
10:40:36,9.36,45,42120,-1
10:40:30,9.37,21,19677,1
10:40:18,9.36,79,73944,1
10:40:12,9.35,100,93500,-1
10:40:09,9.35,10,9350,-1
10:40:06,9.36,5,4680,1
10:40:00,9.35,20,18700,-1
10:39:57,9.35,10,9350,-1
10:39:51,9.36,69,64583,1
10:39:45,9.36,2,1872,1
10:39:39,9.36,5,4680,1
10:39:36,9.36,459,429624,-1
10:39:33,9.37,39,36543,1
10:39:30,9.36,8,7488,-1
10:39:27,9.37,5,4685,1
10:39:24,9.36,5,4680,-1
10:39:21,9.37,1,936,1
10:39:18,9.36,40,37440,-1
10:39:15,9.36,30,28080,-1
10:39:06,9.36,15,14040,-1
10:39:03,9.36,100,93600,-1
10:39:00,9.36,60,56160,-1
10:38:57,9.37,20,18740,1
10:38:51,9.37,20,18740,1
10:38:48,9.37,11,10307,-1
10:38:42,9.37,250,234249,-1
10:38:39,9.37,9,8433,-1
10:38:36,9.38,10,9380,1
10:38:33,9.37,11,10307,-1
10:38:30,9.37,5,4685,-1
10:38:21,9.38,31,29078,1
10:38:18,9.38,14,13132,1
10:38:15,9.37,12,11243,-1
10:38:12,9.37,100,93699,-1
10:38:09,9.37,175,163975,-1
10:38:03,9.38,15,14070,1
10:38:00,9.37,3,2810,-1
10:37:57,9.38,109,102242,1
10:37:51,9.37,82,76834,-1
10:37:48,9.38,23,21574,1
10:37:45,9.37,175,163975,-1
10:37:42,9.38,17,15946,1
10:37:39,9.37,19,17803,-1
10:37:33,9.38,14,13132,1
10:37:27,9.38,300,281400,1
10:37:24,9.37,70,65590,-1
10:37:21,9.38,3,2814,1
10:37:09,9.38,31,29078,1
10:37:00,9.36,900,842400,-1
10:36:54,9.37,198,185525,1
10:36:51,9.37,33,30920,1
10:36:48,9.37,10,9370,1
10:36:45,9.37,9,8433,1
10:36:42,9.37,13,12180,1
10:36:39,9.37,49,45912,1
10:36:36,9.37,41,38417,1
10:36:33,9.37,10,9370,1
10:36:30,9.37,31,29046,1
10:36:27,9.37,229,214572,1
10:36:24,9.37,7,6558,1
10:36:21,9.37,39,36543,1
10:36:18,9.36,228,213408,-1
10:36:15,9.37,74,69338,1
10:36:12,9.37,80,74960,1
10:35:51,9.37,42,39354,1
10:35:45,9.37,13,12180,1
10:35:42,9.37,54,50597,1
10:35:39,9.37,36,33732,1
10:35:36,9.36,44,41184,-1
10:35:33,9.37,18,16866,1
10:35:30,9.37,3,2810,1
10:35:27,9.36,36,33696,-1
10:35:24,9.36,8,7488,-1
10:35:21,9.36,40,37440,-1
10:35:15,9.36,37,34632,-1
10:35:03,9.37,251,235186,1
10:35:00,9.36,3,2808,-1
10:34:54,9.36,28,26208,-1
10:34:48,9.36,166,155376,1
10:34:45,9.36,24,22464,1
10:34:42,9.35,57,53295,-1
10:34:39,9.36,6,5616,1
10:34:36,9.36,1,936,1
10:34:33,9.36,111,103896,-1
10:34:30,9.36,28,26208,-1
10:34:27,9.36,45,42120,-1
10:34:24,9.36,98,91728,-1
10:34:21,9.37,15,14054,1
10:34:18,9.36,110,102960,-1
10:34:15,9.37,6,5621,1
10:34:12,9.37,153,143361,-1
10:34:09,9.38,81,75978,1
10:34:06,9.38,20,18760,1
10:34:03,9.38,10,9380,1
10:34:00,9.37,15,14054,-1
10:33:57,9.38,486,455868,1
10:33:54,9.37,78,73086,-1
10:33:51,9.37,50,46849,-1
10:33:48,9.38,100,93800,1
10:33:42,9.38,50,46900,1
10:33:39,9.38,1,938,1
10:33:33,9.38,13,12194,1
10:33:30,9.38,15,14070,1
10:33:27,9.38,20,18760,1
10:33:21,9.38,218,204484,-1
10:33:18,9.38,50,46900,-1
10:33:15,9.38,10,9380,-1
10:33:12,9.39,300,281700,1
10:33:09,9.38,82,76916,-1
10:33:06,9.39,10,9390,1
10:33:03,9.38,74,69412,-1
10:33:00,9.38,8,7504,-1
10:32:57,9.39,206,193434,1
10:32:54,9.39,88,82632,1
10:32:51,9.38,32,30016,-1
10:32:48,9.39,284,266676,-1
10:32:45,9.39,70,65730,-1
10:32:42,9.39,5,4695,-1
10:32:39,9.39,50,46950,-1
10:32:36,9.4,20,18800,0
10:32:33,9.39,321,301419,-1
10:32:30,9.41,1,941,1
10:32:27,9.4,39,36660,-1
10:32:24,9.41,8,7528,1
10:32:21,9.4,484,454960,1
10:32:18,9.4,121,113740,1
10:32:15,9.4,35,32900,1
10:32:12,9.38,50,46900,-1
10:32:09,9.38,19,17822,-1
10:32:06,9.39,99,92961,1
10:32:03,9.39,7,6573,1
10:32:00,9.39,25,23475,1
10:31:57,9.39,15,14085,1
10:31:54,9.39,205,192532,-1
10:31:51,9.4,10,9400,-1
10:31:48,9.4,105,98700,-1
10:31:45,9.4,350,329902,1
10:31:42,9.39,289,271371,-1
10:31:39,9.4,66,62040,1
10:31:36,9.4,225,211500,1
10:31:33,9.4,1,940,1
10:31:30,9.41,312,293592,1
10:31:27,9.4,408,383520,-1
10:31:24,9.4,28,26320,-1
10:31:21,9.41,76,71516,1
10:31:18,9.4,57,53580,-1
10:31:15,9.41,200,188200,1
10:31:12,9.41,6,5646,1
10:31:09,9.41,80,75280,1
10:31:06,9.41,97,91277,-1
10:31:03,9.42,150,141300,1
10:31:00,9.42,56,52752,1
10:30:57,9.42,545,513390,-1
10:30:54,9.42,242,227964,-1
10:30:51,9.43,740,697820,1
10:30:48,9.43,109,102787,1
10:30:45,9.43,131,123533,1
10:30:42,9.43,72,67896,1
10:30:39,9.43,277,261211,1
10:30:36,9.43,290,273470,-1
10:30:33,9.43,335,315905,-1
10:30:30,9.43,68,64124,1
10:30:27,9.43,1132,1067476,-1
10:30:24,9.44,730,689120,1
10:30:21,9.43,295,278185,1
10:30:18,9.43,736,694048,-1
10:30:15,9.44,158,149152,1
10:30:12,9.44,844,796736,1
10:30:09,9.43,101,95243,-1
10:30:06,9.43,9,8487,-1
10:30:03,9.44,55,51920,1
10:30:00,9.43,1878,1770954,1
10:29:57,9.42,558,525636,-1
10:29:54,9.43,640,603520,1
10:29:51,9.42,592,557664,1
10:29:48,9.41,130,122330,-1
10:29:42,9.41,125,117625,-1
10:29:39,9.41,291,274753,1
10:29:36,9.4,418,392920,-1
10:29:33,9.4,10,9400,-1
10:29:30,9.4,731,687140,1
10:29:24,9.39,63,59157,0
10:29:21,9.4,164,154160,1
10:29:18,9.39,72,67608,-1
10:29:15,9.39,133,124887,-1
10:29:12,9.39,76,71364,1
10:29:06,9.4,138,129720,1
10:29:03,9.39,10,9390,1
10:29:00,9.39,34,31926,-1
10:28:57,9.39,51,47889,-1
10:28:54,9.39,93,87327,-1
10:28:48,9.39,28,26292,-1
10:28:45,9.39,62,58218,-1
10:28:42,9.4,120,112800,1
10:28:39,9.4,147,138180,1
10:28:36,9.4,10,9400,1
10:28:33,9.4,52,48880,1
10:28:30,9.4,20,18800,1
10:28:24,9.4,75,70500,1
10:28:21,9.4,100,94000,1
10:28:15,9.4,11,10340,1
10:28:12,9.39,60,56340,-1
10:28:09,9.39,1,939,-1
10:28:06,9.39,10,9390,-1
10:28:03,9.4,208,195520,1
10:28:00,9.4,409,384460,1
10:27:57,9.4,5,4700,1
10:27:54,9.4,10,9400,1
10:27:51,9.4,111,104340,1
10:27:48,9.4,50,47000,1
10:27:45,9.4,98,92120,-1
10:27:42,9.4,44,41360,-1
10:27:39,9.4,79,74260,1
10:27:36,9.39,22,20658,-1
10:27:33,9.4,31,29140,1
10:27:30,9.4,250,235000,1
10:27:27,9.4,17,15980,1
10:27:24,9.4,174,163560,-1
10:27:21,9.41,29,27289,1
10:27:18,9.4,223,209620,-1
10:27:15,9.4,143,134420,1
10:27:12,9.41,148,139268,1
10:27:09,9.4,539,506660,1
10:27:06,9.4,540,507600,1
10:27:03,9.4,281,264140,1
10:26:57,9.4,14,13160,1
10:26:54,9.4,48,45120,-1
10:26:51,9.4,92,86480,-1
10:26:48,9.4,216,203040,-1
10:26:45,9.4,202,189880,-1
10:26:42,9.4,552,518880,-1
10:26:39,9.41,177,166557,1
10:26:36,9.4,289,271660,-1
10:26:30,9.4,20,18800,-1
10:26:27,9.4,431,405140,1
10:26:24,9.4,3,2820,1
10:26:21,9.39,24,22536,-1
10:26:15,9.41,543,510963,1
10:26:12,9.4,29,27260,1
10:26:09,9.4,275,258500,1
10:26:06,9.39,55,51645,1
10:26:03,9.39,79,74181,-1
10:26:00,9.41,52,48932,1
10:25:57,9.41,308,289828,1
10:25:54,9.41,39,36699,0
10:25:51,9.41,93,87513,0
10:25:48,9.42,43,40506,1
10:25:45,9.42,110,103620,1
10:25:42,9.42,82,77244,-1
10:25:39,9.4,702,659880,-1
10:25:36,9.42,597,562374,1
10:25:33,9.42,231,217602,1
10:25:30,9.4,202,189880,-1
10:25:27,9.43,1033,974119,1
10:25:24,9.42,219,206298,1
10:25:21,9.41,88,82808,-1
10:25:18,9.43,938,884534,1
10:25:15,9.42,83,78186,0
10:25:12,9.43,97,91471,1
10:25:09,9.43,350,330050,1
10:25:06,9.4,93,87420,-1
10:25:03,9.44,373,352112,1
10:25:00,9.39,381,358651,0
10:24:57,9.38,230,215740,0
10:24:54,9.4,75,70500,1
10:24:51,9.4,98,92120,1
10:24:48,9.38,125,117250,-1
10:24:45,9.38,181,169778,0
10:24:42,9.4,3146,2957240,1
10:24:39,9.37,64,59967,-1
10:24:36,9.37,62,58093,-1
10:24:33,9.37,412,386043,1
10:24:30,9.36,596,557856,-1
10:24:27,9.37,10,9370,1
10:24:24,9.36,166,155376,-1
10:24:21,9.37,141,132117,1
10:24:15,9.36,83,77688,1
10:24:12,9.34,829,774286,-1
10:24:09,9.35,273,255255,1
10:24:03,9.35,167,156145,1
10:23:57,9.34,316,295144,1
10:23:54,9.33,321,299493,-1
10:23:51,9.33,111,103563,-1
10:23:48,9.33,81,75573,1
10:23:45,9.32,120,111840,-1
10:23:36,9.33,294,274302,1
10:23:33,9.32,22,20504,1
10:23:30,9.31,6,5586,-1
10:23:24,9.31,18,16758,-1
10:23:21,9.31,24,22344,1
10:23:18,9.31,873,812763,1
10:23:09,9.3,5,4650,-1
10:23:06,9.3,5,4650,-1
10:23:03,9.3,84,78120,1
10:23:00,9.3,117,108810,1
10:22:54,9.3,42,39060,1
10:22:51,9.3,48,44640,1
10:22:45,9.3,13,12090,1
10:22:42,9.29,26,24153,-1
10:22:39,9.29,38,35302,1
10:22:36,9.29,15,13934,1
10:22:33,9.29,158,146782,1
10:22:30,9.28,134,124351,-1
10:22:27,9.29,56,52023,1
10:22:24,9.28,57,52895,-1
10:22:18,9.29,48,44591,1
10:22:12,9.29,56,52023,1
10:22:09,9.28,15,13919,1
10:22:06,9.28,35,32479,-1
10:22:03,9.29,48,44591,1
10:21:57,9.29,9,8361,1
10:21:54,9.29,40,37160,1
10:21:48,9.29,156,144924,-1
10:21:45,9.29,103,95686,1
10:21:39,9.29,32,29727,1
10:21:36,9.27,20,18540,0
10:21:30,9.25,728,674278,-1
10:21:21,9.3,971,903030,1
10:21:18,9.26,120,111120,-1
10:21:15,9.26,700,648200,-1
10:21:09,9.28,45,41760,1
10:21:06,9.28,319,296032,-1
10:20:51,9.29,20,18580,0
10:20:45,9.3,33,30690,1
10:20:42,9.3,5,4650,1
10:20:33,9.29,10,9290,-1
10:20:27,9.3,100,93000,1
10:20:24,9.3,100,93000,1
10:20:21,9.3,10,9300,1
10:20:12,9.3,10,9300,1
10:20:09,9.3,31,28830,1
10:19:48,9.3,500,465000,1
10:19:45,9.28,5,4640,1
10:19:42,9.28,240,222719,1
10:19:39,9.27,120,111240,-1
10:19:36,9.27,445,412515,1
10:19:33,9.26,3,2778,-1
10:19:30,9.26,100,92600,-1
10:19:18,9.26,7,6482,-1
10:19:15,9.26,81,75006,1
10:19:12,9.26,84,77784,1
10:19:09,9.25,43,39775,-1
10:19:06,9.26,9,8334,1
10:19:00,9.25,20,18500,-1
10:18:57,9.26,290,268540,1
10:18:51,9.26,1,926,1
10:18:48,9.25,55,50875,-1
10:18:45,9.25,1,925,-1
10:18:39,9.26,12,11112,1
10:18:36,9.25,10,9250,-1
10:18:30,9.25,84,77700,-1
10:18:27,9.26,25,23150,1
10:18:24,9.25,11,10175,-1
10:18:21,9.25,55,50875,-1
10:18:18,9.26,54,50004,1
10:18:12,9.26,48,44448,1
10:18:06,9.25,8,7400,-1
10:18:03,9.26,24,22224,1
10:17:54,9.25,100,92500,-1
10:17:51,9.25,5,4625,-1
10:17:48,9.25,125,116115,1
10:17:42,9.24,136,125664,-1
10:17:39,9.25,27,24975,1
10:17:30,9.25,3,3209,-1
10:17:27,9.25,10,9250,-1
10:17:24,9.25,37,34715,1
10:17:21,9.25,103,95275,1
10:17:18,9.25,2,1850,1
10:17:15,9.25,10,9250,1
10:17:12,9.25,237,219659,-1
10:17:09,9.26,36,33336,1
10:17:03,9.25,6,5550,-1
10:17:00,9.25,20,18500,-1
10:16:51,9.25,90,83250,-1
10:16:45,9.25,26,24050,-1
10:16:42,9.25,5,4625,-1
10:16:39,9.26,3,2778,1
10:16:36,9.25,5,4625,-1
10:16:33,9.25,150,138750,-1
10:16:30,9.25,15,13875,-1
10:16:27,9.26,9,8334,1
10:16:24,9.26,1,926,1
10:16:21,9.26,5,4630,1
10:16:18,9.25,13,12025,-1
10:16:15,9.26,3,2778,-1
10:16:09,9.26,10,9260,0
10:16:06,9.25,200,185000,-1
10:16:00,9.26,480,444989,1
10:15:51,9.25,2,1850,-1
10:15:48,9.26,2,1852,1
10:15:45,9.25,24,22200,-1
10:15:42,9.25,131,121175,-1
10:15:39,9.26,8,7408,1
10:15:36,9.25,55,50875,-1
10:15:30,9.26,16,14816,1
10:15:27,9.25,5,4625,-1
10:15:24,9.26,12,11112,1
10:15:18,9.25,5,4625,-1
10:15:15,9.25,475,439375,-1
10:15:12,9.26,159,147234,1
10:15:09,9.25,10,9250,-1
10:15:06,9.25,120,111000,-1
10:15:03,9.25,10,9250,-1
10:15:00,9.25,50,46250,-1
10:14:48,9.25,58,53650,-1
10:14:45,9.25,87,80475,-1
10:14:42,9.25,5,4625,-1
10:14:36,9.26,77,71302,1
10:14:33,9.26,50,46300,1
10:14:30,9.26,100,92600,-1
10:14:27,9.26,220,203720,0
10:14:21,9.26,40,37040,-1
10:14:12,9.26,92,85192,1
10:14:09,9.25,165,152625,-1
10:14:06,9.26,448,414848,1
10:14:00,9.26,5,4630,1
10:13:57,9.26,4,3704,0
10:13:48,9.27,500,463500,1
10:13:45,9.26,182,168532,-1
10:13:39,9.27,144,133488,1
10:13:36,9.27,21,19467,1
10:13:33,9.26,55,50930,-1
10:13:27,9.27,1,927,1
10:13:24,9.27,41,38007,1
10:13:21,9.26,30,27780,-1
10:13:18,9.27,2,1854,1
10:13:15,9.27,42,38934,1
10:13:09,9.27,12,11124,1
10:13:03,9.27,20,18540,1
10:13:00,9.26,11,10186,-1
10:12:57,9.26,40,37040,-1
10:12:54,9.27,2,1854,1
10:12:48,9.27,13,12051,1
10:12:45,9.26,53,49078,-1
10:12:42,9.27,10,9270,1
10:12:36,9.26,18,16668,-1
10:12:24,9.26,1,926,0
10:12:18,9.25,1,925,-1
10:12:03,9.25,11,10175,-1
10:12:00,9.25,310,286750,-1
10:11:57,9.28,915,849119,1
10:11:54,9.25,2,1850,-1
10:11:51,9.25,65,60125,-1
10:11:45,9.25,200,185000,-1
10:11:42,9.25,255,235875,-1
10:11:39,9.25,297,275631,1
10:11:36,9.24,67,61908,-1
10:11:33,9.24,100,92400,-1
10:11:30,9.24,12,12002,-1
10:11:27,9.25,16,14800,1
10:11:21,9.24,138,127512,-1
10:11:18,9.24,5,4620,-1
10:11:15,9.25,17,15725,1
10:11:12,9.25,27,24975,1
10:11:06,9.24,5,4620,-1
10:11:03,9.25,10,9250,1
10:11:00,9.23,962,887926,-1
10:10:57,9.25,10,9250,1
10:10:54,9.24,102,94248,-1
10:10:51,9.24,412,380688,-1
10:10:48,9.24,12,11088,-1
10:10:45,9.25,12,11100,1
10:10:42,9.25,121,111925,1
10:10:39,9.24,40,36960,-1
10:10:30,9.24,51,47124,-1
10:10:27,9.24,25,23100,-1
10:10:24,9.24,106,97944,-1
10:10:21,9.24,315,291060,-1
10:10:18,9.24,32,29568,-1
10:10:15,9.24,2,1848,-1
10:10:12,9.24,20,18480,0
10:10:09,9.23,262,241826,-1
10:10:06,9.24,12,11088,-1
10:10:03,9.25,111,102675,1
10:10:00,9.24,5,4620,1
10:09:57,9.24,46,42504,1
10:09:54,9.24,34,31425,-1
10:09:51,9.24,200,184800,-1
10:09:48,9.24,104,96096,-1
10:09:45,9.25,11,10175,1
10:09:42,9.24,5,4620,-1
10:09:36,9.24,30,27720,-1
10:09:33,9.24,43,40646,1
10:09:30,9.24,9,8316,1
10:09:27,9.24,9,8316,1
10:09:24,9.24,43,39732,1
10:09:21,9.24,19,17556,1
10:09:18,9.24,35,32340,-1
10:09:15,9.23,14,12922,-1
10:09:12,9.23,107,98761,-1
10:09:09,9.25,50,46250,1
10:09:06,9.24,77,71148,1
10:08:57,9.24,20,18480,0
10:08:54,9.25,209,193325,-1
10:08:51,9.25,41,37925,-1
10:08:48,9.25,45,41625,-1
10:08:45,9.25,12,11100,-1
10:08:42,9.25,401,370925,1
10:08:39,9.23,2312,2133976,-1
10:08:36,9.25,264,244200,1
10:08:33,9.25,26,24050,1
10:08:30,9.25,32,29600,1
10:08:27,9.24,112,103488,-1
10:08:24,9.25,63,58275,1
10:08:21,9.25,85,78625,1
10:08:18,9.24,150,138600,-1
10:08:15,9.24,513,474012,-1
10:08:12,9.25,154,142450,1
10:08:09,9.25,112,103600,1
10:08:06,9.24,110,101640,-1
10:08:03,9.25,187,172975,-1
10:08:00,9.25,115,106375,-1
10:07:57,9.26,20,18520,1
10:07:54,9.26,699,647274,1
10:07:51,9.25,760,703000,-1
10:07:48,9.26,10,9260,1
10:07:42,9.26,310,287060,1
10:07:39,9.26,25,23150,1
10:07:36,9.26,6,5556,1
10:07:33,9.26,3,2778,1
10:07:30,9.26,1578,1461228,-1
10:07:27,9.27,80,74160,1
10:07:24,9.27,415,384705,1
10:07:21,9.27,114,105678,1
10:07:18,9.27,279,258633,-1
10:07:15,9.27,1,927,-1
10:07:12,9.27,5,4635,-1
10:07:09,9.28,100,92800,1
10:07:06,9.27,12,11124,-1
10:07:03,9.27,34,31518,-1
10:07:00,9.27,2,1854,0
10:06:54,9.27,25,23175,1
10:06:51,9.27,22,20394,1
10:06:48,9.27,19,17613,1
10:06:45,9.27,91,84357,-1
10:06:42,9.27,125,115875,-1
10:06:39,9.27,4,3708,-1
10:06:36,9.28,159,147552,1
10:06:30,9.27,31,28737,-1
10:06:27,9.27,45,41715,-1
10:06:24,9.28,17,15775,1
10:06:12,9.27,330,305910,1
10:06:09,9.27,55,50985,1
10:06:06,9.26,37,34262,-1
10:06:03,9.27,63,58401,1
10:06:00,9.27,63,58401,1
10:05:57,9.26,48,44448,-1
10:05:54,9.27,200,185400,1
10:05:45,9.27,1103,1022481,-1
10:05:42,9.27,16,14832,-1
10:05:39,9.27,1,927,-1
10:05:36,9.28,31,28767,1
10:05:33,9.27,379,351333,-1
10:05:27,9.27,17,15759,-1
10:05:21,9.28,5,4640,1
10:05:18,9.28,16,14847,1
10:05:12,9.27,10,9270,-1
10:05:03,9.27,10,9270,-1
10:04:54,9.28,3,2784,1
10:04:51,9.28,38,35264,1
10:04:42,9.27,3,2781,-1
10:04:36,9.28,50,46400,1
10:04:33,9.28,50,46400,1
10:04:27,9.28,5,4640,1
10:04:21,9.27,31,28737,-1
10:04:15,9.28,10,9280,1
10:04:06,9.27,29,26883,-1
10:04:03,9.27,416,385632,-1
10:04:00,9.27,31,28737,-1
10:03:57,9.27,70,64890,-1
10:03:51,9.27,300,278100,-1
10:03:45,9.28,563,522463,1
10:03:42,9.27,32,29664,-1
10:03:39,9.27,392,363384,-1
10:03:36,9.28,6,5568,1
10:03:33,9.28,533,494623,1
10:03:30,9.28,35,32479,1
10:03:27,9.27,5,4635,-1
10:03:24,9.27,13,12051,-1
10:03:21,9.28,5,4640,1
10:03:18,9.28,19,17632,1
10:03:15,9.28,15,13919,1
10:03:12,9.27,150,139050,-1
10:03:03,9.27,1,927,-1
10:03:00,9.28,138,128063,1
10:02:57,9.27,10,9270,-1
10:02:54,9.27,50,46350,-1
10:02:51,9.27,2,1854,-1
10:02:48,9.28,190,176320,1
10:02:45,9.28,55,51040,1
10:02:42,9.28,41,38048,1
10:02:39,9.27,60,55620,-1
10:02:33,9.28,13,12064,1
10:02:30,9.28,32,29695,1
10:02:27,9.28,434,402752,-1
10:02:24,9.28,2,1855,-1
10:02:18,9.29,204,189515,0
10:02:09,9.29,20,18580,-1
10:02:03,9.29,54,50165,-1
10:01:57,9.29,5,4645,-1
10:01:54,9.29,34,31585,1
10:01:51,9.28,3,2784,-1
10:01:45,9.3,7,6510,1
10:01:42,9.29,5,4645,-1
10:01:36,9.28,612,567936,-1
10:01:33,9.3,29,26970,1
10:01:30,9.29,25,23224,-1
10:01:27,9.29,5,4645,-1
10:01:24,9.29,21,19509,-1
10:01:21,9.3,683,635190,1
10:01:18,9.29,70,65029,-1
10:01:15,9.29,1,928,-1
10:01:12,9.3,60,55800,1
10:01:09,9.3,45,41850,1
10:01:06,9.3,52,48360,1
10:01:00,9.3,22,20460,1
10:00:51,9.3,10,9300,1
10:00:48,9.29,2,1857,-1
10:00:45,9.29,84,78036,-1
10:00:42,9.3,84,78120,0
10:00:30,9.29,39,36231,-1
10:00:24,9.3,22,20460,-1
10:00:18,9.3,135,125550,1
10:00:15,9.3,30,27900,1
10:00:12,9.3,22,20460,1
10:00:09,9.3,359,333870,-1
10:00:06,9.3,5,4650,-1
10:00:03,9.3,12,11160,-1
09:59:48,9.3,200,186000,-1
09:59:45,9.31,176,163856,1
09:59:39,9.31,15,13965,1
09:59:36,9.3,11,10230,-1
09:59:33,9.3,19,17670,-1
09:59:30,9.31,71,66101,1
09:59:27,9.3,4,3720,-1
09:59:24,9.3,38,35340,-1
09:59:21,9.3,2,1860,-1
09:59:15,9.31,48,44688,1
09:59:12,9.31,11,10241,1
09:59:09,9.3,45,41850,-1
09:59:06,9.31,20,18620,1
09:59:03,9.3,76,70680,-1
09:59:00,9.31,50,46550,1
09:58:57,9.31,50,46550,1
09:58:51,9.31,8,7448,1
09:58:48,9.31,5,4655,1
09:58:45,9.31,51,47481,1
09:58:36,9.31,21,19551,1
09:58:27,9.3,1,930,-1
09:58:24,9.3,36,33480,-1
09:58:21,9.3,90,83700,-1
09:58:18,9.3,25,23250,-1
09:58:15,9.31,42,39102,1
09:58:12,9.3,6,5580,-1
09:58:09,9.31,1,931,1
09:58:06,9.3,35,32550,-1
09:58:03,9.3,40,37200,-1
09:57:57,9.3,1,930,-1
09:57:54,9.31,10,9310,1
09:57:51,9.3,40,37200,1
09:57:45,9.3,10,9300,0
09:57:42,9.31,95,88445,1
09:57:39,9.3,13,12090,-1
09:57:36,9.3,9,8370,-1
09:57:30,9.3,21,19530,-1
09:57:27,9.3,250,232500,-1
09:57:24,9.31,14,13034,1
09:57:21,9.3,16,14880,-1
09:57:18,9.3,50,46500,-1
09:57:15,9.3,109,101370,-1
09:57:12,9.31,61,56791,1
09:57:09,9.3,33,30690,-1
09:57:06,9.3,219,203670,-1
09:56:57,9.3,25,23250,-1
09:56:51,9.3,37,34410,-1
09:56:48,9.3,115,106950,-1
09:56:42,9.3,20,18600,-1
09:56:33,9.3,12,11160,-1
09:56:30,9.3,12,11160,-1
09:56:27,9.3,2,1860,-1
09:56:21,9.3,60,55800,-1
09:56:18,9.31,27,25137,1
09:56:15,9.3,55,51150,-1
09:56:12,9.3,9,8370,-1
09:55:57,9.31,252,234612,1
09:55:54,9.3,48,44640,-1
09:55:51,9.31,9,8379,1
09:55:48,9.31,101,94031,1
09:55:45,9.3,20,18600,-1
09:55:42,9.31,12,11172,1
09:55:39,9.3,15,13950,-1
09:55:36,9.3,54,50220,-1
09:55:33,9.3,14,13020,-1
09:55:30,9.3,50,46500,-1
09:55:24,9.3,8,7440,-1
09:55:21,9.3,23,21390,-1
09:55:18,9.3,554,515220,-1
09:55:15,9.3,179,166470,1
09:55:12,9.3,110,102300,1
09:55:09,9.3,13,12090,1
09:55:06,9.3,18,16740,-1
09:55:03,9.31,942,877002,1
09:55:00,9.31,20,18620,1
09:54:57,9.31,59,54929,1
09:54:54,9.3,308,286440,-1
09:54:48,9.31,19,17689,1
09:54:45,9.3,180,167400,-1
09:54:42,9.3,20,18600,-1
09:54:39,9.3,256,238080,-1
09:54:36,9.3,95,88350,-1
09:54:33,9.31,115,107065,1
09:54:30,9.31,2,1862,1
09:54:27,9.3,15,13950,-1
09:54:24,9.31,30,27930,1
09:54:21,9.31,37,34447,1
09:54:18,9.3,20,18600,-1
09:54:12,9.31,20,18620,1
09:54:09,9.3,171,159030,-1
09:54:06,9.31,120,111720,1
09:54:03,9.3,40,37200,-1
09:54:00,9.3,51,47430,-1
09:53:57,9.3,834,775620,1
09:53:51,9.3,258,239940,1
09:53:48,9.3,48,44640,1
09:53:45,9.3,248,230640,1
09:53:42,9.29,45,41804,-1
09:53:39,9.3,33,30690,1
09:53:33,9.29,45,41804,-1
09:53:30,9.3,48,44640,1
09:53:27,9.3,53,49290,1
09:53:24,9.3,11,10230,1
09:53:21,9.29,10,9290,-1
09:53:18,9.29,10,9290,-1
09:53:15,9.29,9,8361,-1
09:53:03,9.3,229,212970,1
09:53:00,9.29,12,11147,1
09:52:57,9.29,20,18580,1
09:52:54,9.28,7,6496,-1
09:52:51,9.29,103,95686,1
09:52:42,9.29,7,6502,1
09:52:30,9.28,166,154048,1
09:52:27,9.28,258,239423,1
09:52:21,9.28,209,193952,1
09:52:18,9.28,320,296960,1
09:52:15,9.28,24,22272,1
09:52:09,9.28,20,18560,1
09:52:06,9.27,104,96408,-1
09:52:03,9.27,5,4635,-1
09:52:00,9.28,27,25056,1
09:51:57,9.28,45,41760,1
09:51:51,9.27,59,54693,-1
09:51:48,9.27,35,32445,-1
09:51:45,9.28,303,281184,1
09:51:42,9.28,12,11136,1
09:51:39,9.27,15,13905,-1
09:51:33,9.28,271,251487,1
09:51:27,9.27,40,37080,-1
09:51:24,9.28,4,3711,1
09:51:21,9.27,233,215991,1
09:51:18,9.27,77,71379,1
09:51:15,9.26,4,3704,-1
09:51:12,9.27,14,12978,1
09:51:09,9.26,277,256502,-1
09:51:06,9.27,175,162225,1
09:51:03,9.26,10,9260,-1
09:51:00,9.26,4,3704,-1
09:50:57,9.26,31,28706,-1
09:50:51,9.27,717,664659,-1
09:50:48,9.27,31,28737,-1
09:50:45,9.27,20,18540,-1
09:50:42,9.28,73,67744,1
09:50:36,9.28,55,51040,1
09:50:33,9.28,3,2784,1
09:50:30,9.28,665,617120,-1
09:50:27,9.29,200,185799,-1
09:50:24,9.29,100,92899,-1
09:50:21,9.29,104,96615,-1
09:50:15,9.29,26,24153,1
09:50:09,9.29,55,51094,-1
09:50:06,9.29,161,149569,-1
09:50:03,9.29,6,5573,-1
09:50:00,9.29,10,9290,-1
09:49:51,9.29,20,18580,0
09:49:48,9.28,224,207872,-1
09:49:42,9.29,58,53881,1
09:49:33,9.29,33,30656,1
09:49:30,9.29,346,321433,1
09:49:27,9.29,225,209024,1
09:49:24,9.29,47,43662,1
09:49:21,9.29,3,2786,1
09:49:18,9.28,50,46400,-1
09:49:15,9.29,5,4645,1
09:49:12,9.29,18,16722,1
09:49:09,9.29,170,157930,-1
09:49:06,9.3,18,16740,1
09:49:03,9.29,50,46449,-1
09:49:00,9.29,15,13934,-1
09:48:54,9.29,25,23224,-1
09:48:45,9.29,94,87325,1
09:48:42,9.28,46,42688,0
09:48:36,9.29,60,55739,1
09:48:33,9.28,17,15775,1
09:48:27,9.28,63,58463,0
09:48:24,9.27,200,185400,-1
09:48:12,9.27,42,38934,-1
09:48:09,9.27,31,28737,0
09:48:06,9.26,218,201868,-1
09:48:03,9.27,22,20394,1
09:48:00,9.27,21,19467,1
09:47:57,9.27,95,88065,1
09:47:54,9.26,75,69450,-1
09:47:51,9.26,38,35188,-1
09:47:48,9.26,348,322248,1
09:47:45,9.26,40,37040,1
09:47:42,9.25,75,69375,-1
09:47:39,9.25,408,377400,-1
09:47:36,9.26,292,270392,1
09:47:33,9.26,71,65746,1
09:47:30,9.26,20,18520,1
09:47:27,9.26,393,363918,-1
09:47:24,9.26,98,90748,-1
09:47:21,9.26,51,47226,-1
09:47:18,9.25,286,264550,-1
09:47:15,9.25,178,164650,-1
09:47:12,9.26,309,286134,1
09:47:09,9.26,140,129640,1
09:47:06,9.26,77,71302,1
09:47:03,9.26,250,231500,-1
09:47:00,9.26,163,150938,-1
09:46:57,9.26,1100,1018600,-1
09:46:54,9.27,204,189108,1
09:46:51,9.27,94,87138,0
09:46:48,9.26,217,200942,-1
09:46:45,9.27,83,76941,1
09:46:42,9.27,94,87138,1
09:46:39,9.27,2,1854,1
09:46:36,9.27,16,14832,1
09:46:33,9.27,2441,2262807,-1
09:46:30,9.29,354,328865,1
09:46:27,9.29,88,81751,1
09:46:24,9.29,16,14863,1
09:46:21,9.29,152,141208,-1
09:46:18,9.3,17,15810,1
09:46:12,9.29,492,457067,-1
09:46:09,9.3,50,46500,-1
09:46:03,9.3,17,15810,-1
09:46:00,9.3,145,134850,1
09:45:57,9.3,20,18600,-1
09:45:54,9.31,84,78204,1
09:45:51,9.3,261,242730,-1
09:45:48,9.3,17,15810,-1
09:45:45,9.3,4,3720,-1
09:45:42,9.3,422,392460,-1
09:45:39,9.3,299,278070,-1
09:45:33,9.31,50,46550,1
09:45:27,9.3,30,27900,-1
09:45:24,9.31,20,18620,-1
09:45:21,9.3,435,404550,-1
09:45:18,9.31,42,39102,-1
09:45:15,9.31,365,339815,-1
09:45:12,9.32,44,41008,1
09:45:09,9.31,4,3724,-1
09:45:06,9.31,155,144305,-1
09:45:00,9.31,6,5586,-1
09:44:57,9.32,19,17708,1
09:44:54,9.32,50,46600,1
09:44:45,9.31,20,18620,-1
09:44:42,9.32,11,10252,1
09:44:39,9.32,51,47532,1
09:44:36,9.32,30,27960,-1
09:44:24,9.33,27,25191,1
09:44:21,9.32,27,25164,1
09:44:18,9.32,2,1864,1
09:44:15,9.31,480,446880,-1
09:44:12,9.32,18,16776,1
09:44:06,9.33,192,179136,1
09:44:03,9.32,6,5592,1
09:44:00,9.31,132,122892,-1
09:43:57,9.32,19,17708,-1
09:43:54,9.32,22,20504,-1
09:43:51,9.31,108,100548,-1
09:43:48,9.33,10,9330,1
09:43:45,9.33,24,22392,1
09:43:36,9.33,5,4665,1
09:43:33,9.33,413,385329,-1
09:43:30,9.33,101,94233,-1
09:43:27,9.33,7,6531,-1
09:43:24,9.33,20,18660,-1
09:43:21,9.33,28,26124,-1
09:43:18,9.33,281,262173,1
09:43:15,9.31,1,931,1
09:43:12,9.3,1497,1392210,-1
09:43:09,9.31,10,9310,-1
09:43:06,9.31,10,9310,-1
09:43:03,9.32,50,46600,0
09:42:57,9.31,24,22344,-1
09:42:45,9.33,1,933,0
09:42:42,9.31,486,452466,-1
09:42:39,9.33,165,153945,-1
09:42:36,9.33,70,65310,-1
09:42:33,9.33,38,35454,-1
09:42:30,9.33,30,27990,-1
09:42:27,9.34,176,164384,1
09:42:21,9.34,596,556664,-1
09:42:18,9.34,12,11208,-1
09:42:15,9.35,128,119680,1
09:42:12,9.35,179,167365,1
09:42:09,9.35,311,290785,1
09:42:06,9.35,84,78540,1
09:42:03,9.35,31,28985,1
09:42:00,9.35,21,19635,1
09:41:57,9.35,301,281435,-1
09:41:54,9.35,575,537625,-1
09:41:51,9.35,45,42075,-1
09:41:48,9.35,4,3740,-1
09:41:45,9.36,22,20592,1
09:41:42,9.36,32,29952,1
09:41:39,9.35,2,1870,-1
09:41:36,9.35,70,65450,-1
09:41:33,9.36,19,17784,1
09:41:30,9.35,1,935,-1
09:41:27,9.35,13,12155,-1
09:41:24,9.35,41,38335,-1
09:41:21,9.36,67,62711,1
09:41:18,9.35,22,20570,-1
09:41:15,9.35,69,64515,-1
09:41:09,9.35,13,12155,1
09:41:06,9.35,7,6545,1
09:41:03,9.35,214,200090,1
09:41:00,9.34,212,198008,-1
09:40:54,9.35,20,18700,1
09:40:51,9.35,51,47685,1
09:40:48,9.34,123,114882,-1
09:40:45,9.35,100,93500,1
09:40:42,9.35,15,14025,1
09:40:39,9.35,13,12155,1
09:40:36,9.35,212,198220,1
09:40:33,9.35,129,120615,1
09:40:30,9.35,10,9350,1
09:40:24,9.35,116,108460,1
09:40:21,9.35,50,46750,1
09:40:18,9.34,18,16812,-1
09:40:09,9.36,54,50544,1
09:40:06,9.34,37,34558,-1
09:40:03,9.36,120,112320,1
09:40:00,9.33,40,37320,-1
09:39:54,9.33,200,186600,-1
09:39:51,9.33,8,7464,-1
09:39:48,9.37,80,74960,-1
09:39:45,9.37,37,34669,-1
09:39:42,9.37,810,758969,1
09:39:39,9.32,68,63376,-1
09:39:36,9.32,124,115568,-1
09:39:33,9.32,42,39144,-1
09:39:27,9.33,32,29856,1
09:39:24,9.33,1,933,1
09:39:21,9.3,1433,1332690,-1
09:39:18,9.32,409,381188,-1
09:39:15,9.32,140,130480,-1
09:39:12,9.33,316,294828,1
09:39:09,9.32,36,33552,-1
09:39:06,9.32,160,149120,-1
09:39:03,9.32,55,51260,-1
09:39:00,9.32,60,55920,-1
09:38:57,9.33,44,41052,1
09:38:54,9.32,42,39144,-1
09:38:48,9.33,592,552336,-1
09:38:42,9.33,389,362937,-1
09:38:39,9.33,263,245379,-1
09:38:36,9.33,87,81171,-1
09:38:33,9.33,219,204327,-1
09:38:30,9.33,5,4665,-1
09:38:27,9.33,90,83970,-1
09:38:24,9.33,117,109161,-1
09:38:21,9.33,116,108228,-1
09:38:18,9.34,10,9340,1
09:38:15,9.33,53,49449,-1
09:38:12,9.33,20,18660,-1
09:38:09,9.34,14,13076,1
09:38:06,9.34,35,32690,1
09:38:00,9.34,121,113014,-1
09:37:57,9.34,35,32690,1
09:37:54,9.34,17,15878,1
09:37:51,9.34,123,114882,1
09:37:48,9.34,22,20548,1
09:37:45,9.34,324,302616,-1
09:37:42,9.34,150,140100,-1
09:37:39,9.34,38,35492,-1
09:37:36,9.34,183,170922,-1
09:37:33,9.34,1,934,-1
09:37:30,9.34,60,56040,-1
09:37:27,9.34,330,308220,1
09:37:21,9.34,26,24284,1
09:37:12,9.34,82,76588,1
09:37:09,9.34,100,93400,1
09:37:06,9.34,367,342778,1
09:37:03,9.32,103,95996,-1
09:37:00,9.33,53,49449,-1
09:36:57,9.33,105,97965,-1
09:36:54,9.34,2,1868,1
09:36:51,9.33,7,6531,-1
09:36:48,9.33,37,34521,-1
09:36:45,9.34,752,702368,1
09:36:42,9.34,402,375468,-1
09:36:39,9.34,2,1868,-1
09:36:36,9.34,32,29888,1
09:36:33,9.34,106,99004,1
09:36:30,9.34,609,568806,-1
09:36:27,9.36,210,196560,1
09:36:24,9.34,544,508096,-1
09:36:21,9.35,85,79475,-1
09:36:18,9.35,147,137445,0
09:36:15,9.34,385,359590,-1
09:36:12,9.34,288,268992,-1
09:36:09,9.34,161,150374,-1
09:36:06,9.34,301,281134,-1
09:36:03,9.33,401,374133,-1
09:36:00,9.34,230,214820,1
09:35:57,9.34,108,100872,1
09:35:54,9.34,524,489416,1
09:35:51,9.33,75,69975,-1
09:35:48,9.33,172,160476,-1
09:35:45,9.34,22,20548,1
09:35:42,9.34,135,126090,1
09:35:39,9.34,461,430574,-1
09:35:36,9.35,85,79475,1
09:35:33,9.35,150,140250,1
09:35:30,9.35,41,38335,1
09:35:27,9.35,300,280500,1
09:35:24,9.34,12,11208,-1
09:35:21,9.35,75,70125,1
09:35:18,9.34,83,77522,1
09:35:15,9.34,303,283002,1
09:35:12,9.34,156,145704,1
09:35:09,9.34,19,17746,1
09:35:06,9.34,84,78456,1
09:35:03,9.34,14,13076,1
09:35:00,9.33,114,106362,0
09:34:57,9.32,324,301968,0
09:34:54,9.33,688,641904,1
09:34:51,9.32,20,18640,0
09:34:48,9.33,135,125955,1
09:34:45,9.33,246,229518,1
09:34:39,9.33,42,39186,0
09:34:36,9.35,101,94435,1
09:34:33,9.29,509,472860,-1
09:34:30,9.34,70,65380,-1
09:34:27,9.34,7,6538,-1
09:34:24,9.34,811,757474,1
09:34:21,9.31,90,83790,1
09:34:18,9.3,225,209250,1
09:34:15,9.29,52,48307,-1
09:34:12,9.3,81,75330,-1
09:34:09,9.31,42,39102,1
09:34:06,9.3,5,4650,-1
09:34:03,9.31,138,128478,1
09:34:00,9.3,303,281790,1
09:33:57,9.3,398,370140,-1
09:33:54,9.3,29,26970,-1
09:33:51,9.3,20,18600,-1
09:33:48,9.31,238,221578,1
09:33:45,9.3,21,19530,-1
09:33:42,9.3,52,48360,-1
09:33:39,9.3,22,20460,-1
09:33:36,9.3,4,3720,-1
09:33:33,9.3,121,112530,1
09:33:30,9.3,17,15810,1
09:33:27,9.29,259,240768,-1
09:33:24,9.29,5,4645,-1
09:33:21,9.29,35,32514,-1
09:33:18,9.3,66,61380,-1
09:33:15,9.31,68,63308,1
09:33:12,9.31,5,4655,1
09:33:09,9.29,47,43662,-1
09:33:06,9.29,235,218314,-1
09:33:03,9.29,185,171864,-1
09:33:00,9.29,164,152356,1
09:32:57,9.28,15,13919,-1
09:32:54,9.29,10,9290,1
09:32:51,9.28,40,37120,0
09:32:42,9.28,100,92800,1
09:32:39,9.28,678,629184,1
09:32:36,9.27,263,243801,-1
09:32:33,9.27,355,329085,-1
09:32:30,9.27,99,91773,-1
09:32:27,9.27,66,61182,-1
09:32:24,9.27,7,6489,1
09:32:21,9.26,205,189830,-1
09:32:18,9.27,46,42642,1
09:32:15,9.26,571,528746,-1
09:32:12,9.27,11,10197,1
09:32:09,9.27,53,49131,1
09:32:06,9.26,213,197238,-1
09:32:03,9.27,66,61182,1
09:32:00,9.27,96,88992,1
09:31:57,9.27,281,260487,-1
09:31:54,9.27,55,50985,-1
09:31:51,9.28,68,63103,1
09:31:48,9.28,36,33408,1
09:31:45,9.29,300,278700,1
09:31:42,9.28,594,551232,-1
09:31:39,9.28,374,347072,-1
09:31:36,9.29,744,691175,1
09:31:33,9.29,20,18580,1
09:31:30,9.29,154,143066,1
09:31:27,9.29,95,88254,1
09:31:24,9.29,20,18580,1
09:31:21,9.29,73,67817,1
09:31:18,9.29,1705,1583944,-1
09:31:15,9.31,33,30723,1
09:31:12,9.31,760,707560,1
09:31:09,9.3,63,58590,-1
09:31:06,9.31,103,95893,1
09:31:03,9.3,230,213900,-1
09:31:00,9.3,337,313410,-1
09:30:57,9.3,50,46500,-1
09:30:54,9.3,129,119970,-1
09:30:51,9.3,20,18600,-1
09:30:48,9.3,2,1860,-1
09:30:45,9.3,80,74400,-1
09:30:42,9.31,17,15827,1
09:30:39,9.3,150,139500,1
09:30:36,9.29,21,19509,-1
09:30:33,9.29,1,928,-1
09:30:30,9.29,139,129130,-1
09:30:24,9.29,3,2786,-1
09:30:21,9.3,35,32550,1
09:30:18,9.28,100,92800,-1
09:30:15,9.3,43,39990,1
09:30:12,9.3,248,230640,1
09:30:09,9.3,609,566370,-1
09:30:06,9.3,1153,1072290,0
09:30:03,9.28,684,634752,-1
09:25:03,9.3,2648,2462640,1
