timestamp,price,volume,turnover,direction
15:00:03,10.37,21319,22108746,1
14:57:03,10.37,166,172142,1
14:57:00,10.37,540,559980,1
14:56:57,10.37,378,391985,1
14:56:54,10.36,741,767676,-1
14:56:51,10.38,100,103800,1
14:56:48,10.37,111,115106,-1
14:56:45,10.37,101,104736,0
14:56:42,10.38,163,169194,1
14:56:39,10.37,424,439687,1
14:56:36,10.37,217,225028,-1
14:56:33,10.38,645,669510,0
14:56:30,10.37,637,660569,-1
14:56:27,10.37,549,569313,-1
14:56:24,10.38,593,615534,1
14:56:21,10.38,201,208638,1
14:56:18,10.38,188,195144,1
14:56:15,10.38,181,187878,1
14:56:12,10.38,80,83040,1
14:56:09,10.38,502,521076,-1
14:56:06,10.39,264,274296,1
14:56:03,10.39,58,60262,1
14:56:00,10.38,217,225246,-1
14:55:57,10.38,189,196182,-1
14:55:54,10.39,661,686779,1
14:55:51,10.39,185,192537,-1
14:55:48,10.39,293,304427,-1
14:55:45,10.39,524,544436,-1
14:55:42,10.39,674,700286,-1
14:55:39,10.39,308,320012,-1
14:55:36,10.4,262,272480,1
14:55:33,10.39,256,265984,-1
14:55:30,10.4,342,355680,1
14:55:27,10.4,494,513760,1
14:55:24,10.39,575,597425,-1
14:55:21,10.4,282,293280,1
14:55:18,10.4,155,161200,1
14:55:15,10.4,73,75920,1
14:55:12,10.4,173,179920,-1
14:55:09,10.4,554,576160,-1
14:55:06,10.4,314,326560,-1
14:55:03,10.41,823,856743,1
14:55:00,10.41,432,449712,1
14:54:57,10.41,293,305013,1
14:54:54,10.4,222,230963,-1
14:54:51,10.41,587,611067,-1
14:54:48,10.41,269,280029,-1
14:54:45,10.41,1093,1137813,-1
14:54:42,10.41,760,791160,-1
14:54:39,10.41,181,188421,-1
14:54:36,10.41,72,74952,-1
14:54:33,10.41,82,85362,-1
14:54:30,10.41,150,156150,-1
14:54:27,10.41,235,245665,-1
14:54:24,10.41,251,262259,1
14:54:21,10.4,710,738400,-1
14:54:18,10.41,202,210282,1
14:54:15,10.41,68,70788,1
14:54:12,10.41,278,289470,-1
14:54:09,10.42,461,481331,1
14:54:06,10.41,50,52050,1
14:54:03,10.41,717,746397,-1
14:54:00,10.41,404,420564,-1
14:53:57,10.42,344,358448,1
14:53:54,10.41,697,725577,-1
14:53:51,10.42,305,317810,1
14:53:48,10.41,233,242553,-1
14:53:45,10.41,481,500721,-1
14:53:42,10.41,754,784914,-1
14:53:39,10.42,232,241744,1
14:53:36,10.41,144,149904,-1
14:53:33,10.41,418,435138,-1
14:53:30,10.41,302,314382,-1
14:53:27,10.42,1103,1149326,1
14:53:24,10.41,599,623559,-1
14:53:21,10.42,626,652292,1
14:53:18,10.42,6,6252,1
14:53:15,10.42,47,48974,1
14:53:12,10.42,226,235492,-1
14:53:09,10.43,140,146020,1
14:53:06,10.42,206,214652,-1
14:53:03,10.42,461,480362,-1
14:53:00,10.43,732,763476,1
14:52:57,10.42,65,67730,-1
14:52:54,10.43,99,103257,1
14:52:51,10.43,35,36505,1
14:52:48,10.43,51,53193,1
14:52:45,10.43,44,45892,-1
14:52:42,10.44,295,307980,1
14:52:39,10.44,15,15660,1
14:52:36,10.44,862,899928,1
14:52:33,10.43,78,81354,-1
14:52:30,10.43,146,152278,-1
14:52:27,10.44,1297,1354068,1
14:52:24,10.44,181,188964,1
14:52:21,10.44,28,29232,1
14:52:18,10.44,62,64728,-1
14:52:15,10.45,80,83600,1
14:52:12,10.44,142,148248,-1
14:52:09,10.45,51,53295,1
14:52:06,10.45,51,53295,1
14:52:03,10.44,79,82476,-1
14:52:00,10.44,87,90828,-1
14:51:57,10.45,91,95095,-1
14:51:54,10.46,1048,1096208,1
14:51:51,10.45,232,242439,-1
14:51:48,10.46,26,27196,1
14:51:45,10.45,33,34485,-1
14:51:42,10.45,27,28214,1
14:51:39,10.44,19,19836,-1
14:51:36,10.45,163,171035,-1
14:51:33,10.46,101,105646,-1
14:51:30,10.46,32,33472,-1
14:51:27,10.46,764,799489,1
14:51:24,10.46,1176,1230096,1
14:51:21,10.44,211,220284,1
14:51:18,10.44,71,74124,1
14:51:15,10.44,857,894708,-1
14:51:12,10.45,193,201685,1
14:51:09,10.45,1001,1046044,1
14:51:06,10.45,126,131670,-1
14:51:03,10.45,287,299915,-1
14:51:00,10.46,78,81588,1
14:50:57,10.46,75,78450,1
14:50:54,10.46,94,98324,1
14:50:51,10.45,108,112859,1
14:50:48,10.45,1721,1798444,-1
14:50:45,10.46,105,109830,-1
14:50:42,10.46,70,73220,1
14:50:39,10.46,94,98324,1
14:50:36,10.45,173,180785,-1
14:50:33,10.46,45,47070,-1
14:50:30,10.46,91,95186,-1
14:50:27,10.46,140,146440,1
14:50:24,10.46,96,100416,1
14:50:21,10.46,1105,1155830,1
14:50:18,10.45,93,97185,1
14:50:15,10.45,755,788975,-1
14:50:12,10.45,151,157795,-1
14:50:09,10.45,178,186010,-1
14:50:06,10.45,487,508914,-1
14:50:03,10.46,257,268822,1
14:50:00,10.45,12,12540,-1
14:49:57,10.45,91,95095,-1
14:49:54,10.46,158,165268,1
14:49:51,10.44,95,99180,-1
14:49:48,10.44,140,146160,-1
14:49:45,10.45,201,210045,1
14:49:42,10.44,413,431172,-1
14:49:39,10.44,108,112752,-1
14:49:36,10.43,190,198170,-1
14:49:33,10.44,300,313200,1
14:49:30,10.44,20,20880,1
14:49:27,10.43,274,285782,-1
14:49:24,10.43,14,14602,-1
14:49:21,10.44,34,35496,1
14:49:18,10.43,126,131418,1
14:49:15,10.42,63,66677,-1
14:49:12,10.42,13,13546,-1
14:49:09,10.46,1228,1284488,1
14:49:06,10.43,189,197127,1
14:49:03,10.43,83,86569,-1
14:49:00,10.43,22,22946,1
14:48:57,10.43,34,35462,1
14:48:54,10.43,1053,1098279,1
14:48:51,10.42,17,17714,0
14:48:48,10.41,480,499680,-1
14:48:45,10.43,156,162708,-1
14:48:42,10.44,133,138852,1
14:48:39,10.43,53,55279,1
14:48:36,10.42,358,373036,-1
14:48:33,10.43,61,63623,1
14:48:30,10.43,167,174181,1
14:48:27,10.42,2491,2595622,-1
14:48:24,10.42,58,60436,-1
14:48:21,10.43,341,355663,-1
14:48:18,10.43,144,150192,-1
14:48:15,10.44,856,894687,1
14:48:12,10.44,14,14616,-1
14:48:09,10.44,98,102312,1
14:48:06,10.43,160,166880,-1
14:48:03,10.43,120,125160,-1
14:48:00,10.43,156,162708,1
14:47:57,10.42,583,607486,-1
14:47:54,10.43,115,119945,1
14:47:51,10.42,107,111494,-1
14:47:48,10.43,142,148106,1
14:47:45,10.43,44,45892,-1
14:47:42,10.45,184,192280,1
14:47:39,10.43,61,63623,0
14:47:36,10.43,94,98042,-1
14:47:33,10.43,15,15645,-1
14:47:30,10.45,156,163020,1
14:47:27,10.45,350,365750,1
14:47:24,10.43,43,44849,1
14:47:21,10.43,1076,1122268,-1
14:47:18,10.46,79,82634,1
14:47:15,10.45,277,289465,-1
14:47:12,10.45,104,108679,-1
14:47:09,10.46,44,46024,1
14:47:06,10.45,167,174515,-1
14:47:03,10.46,170,177820,1
14:47:00,10.46,424,443504,-1
14:46:57,10.46,48,50208,-1
14:46:54,10.47,36,37692,1
14:46:51,10.46,99,103554,-1
14:46:48,10.46,880,920480,-1
14:46:45,10.47,208,217776,-1
14:46:42,10.47,53,55491,-1
14:46:39,10.48,6,6288,1
14:46:36,10.48,16,16768,1
14:46:33,10.48,43,45064,-1
14:46:30,10.48,876,918048,-1
14:46:24,10.49,42,44058,1
14:46:21,10.49,123,129027,1
14:46:18,10.49,330,346222,-1
14:46:15,10.49,148,155252,-1
14:46:12,10.49,553,580097,-1
14:46:09,10.49,132,138468,-1
14:46:06,10.49,147,155199,-1
14:46:03,10.49,307,322043,-1
14:46:00,10.5,163,171150,1
14:45:57,10.5,189,198450,1
14:45:54,10.49,434,455266,-1
14:45:51,10.5,320,336000,1
14:45:48,10.5,239,250950,1
14:45:45,10.49,46,48254,-1
14:45:42,10.49,513,538137,-1
14:45:39,10.49,157,164693,-1
14:45:36,10.5,50,52500,1
14:45:33,10.5,35,36750,1
14:45:30,10.5,183,192181,-1
14:45:27,10.5,103,108150,-1
14:45:24,10.5,542,570118,-1
14:45:21,10.5,196,205800,-1
14:45:18,10.5,187,196350,-1
14:45:15,10.51,195,204945,1
14:45:12,10.5,94,98700,-1
14:45:09,10.5,217,227850,-1
14:45:06,10.51,87,91437,1
14:45:03,10.51,708,744108,1
14:45:00,10.5,420,441000,-1
14:44:57,10.51,20,21020,1
14:44:54,10.5,38,39900,-1
14:44:51,10.51,154,161854,1
14:44:48,10.5,26,27300,-1
14:44:45,10.5,15,15750,-1
14:44:42,10.51,292,306892,1
14:44:39,10.5,223,234150,1
14:44:36,10.5,242,254100,1
14:44:33,10.51,1968,2068368,1
14:44:30,10.5,377,395850,1
14:44:27,10.5,73,76650,1
14:44:24,10.49,398,417502,-1
14:44:21,10.49,120,125880,-1
14:44:18,10.49,581,609469,-1
14:44:15,10.5,831,872550,1
14:44:12,10.5,84,88200,1
14:44:09,10.5,104,109200,1
14:44:06,10.49,257,269593,-1
14:44:03,10.49,553,580097,-1
14:44:00,10.5,711,746550,1
14:43:57,10.5,115,120750,1
14:43:54,10.49,191,200359,-1
14:43:51,10.49,35,36715,-1
14:43:48,10.49,297,311553,-1
14:43:45,10.5,439,460950,1
14:43:42,10.49,138,145202,1
14:43:39,10.49,19,19931,1
14:43:36,10.49,242,254466,-1
14:43:33,10.5,115,120750,1
14:43:30,10.5,156,163800,1
14:43:27,10.5,20,21000,1
14:43:24,10.5,79,82950,1
14:43:21,10.49,56,58744,-1
14:43:18,10.5,266,279300,1
14:43:15,10.49,95,100662,-1
14:43:12,10.5,423,444150,-1
14:43:09,10.5,227,238350,-1
14:43:06,10.5,196,205800,-1
14:43:03,10.5,303,318150,-1
14:43:00,10.5,599,629947,1
14:42:57,10.49,511,536091,-1
14:42:54,10.5,583,613147,1
14:42:51,10.5,43,45150,1
14:42:45,10.5,50,52500,1
14:42:42,10.5,37,38850,-1
14:42:39,10.51,690,725190,1
14:42:36,10.51,462,485562,1
14:42:33,10.51,293,307943,1
14:42:30,10.5,22,23100,-1
14:42:27,10.51,18,18918,1
14:42:24,10.51,32,33632,1
14:42:21,10.51,67,70417,1
14:42:18,10.51,252,264852,-1
14:42:15,10.52,144,151488,1
14:42:12,10.5,46,48300,-1
14:42:09,10.52,75,78900,1
14:42:06,10.52,1237,1301324,1
14:42:03,10.51,99,104049,1
14:42:00,10.51,211,221761,-1
14:41:57,10.52,515,541780,1
14:41:54,10.51,61,64111,-1
14:41:51,10.52,241,253532,1
14:41:48,10.52,419,440788,1
14:41:45,10.52,25,26300,1
14:41:42,10.51,161,169211,-1
14:41:39,10.51,191,200741,-1
14:41:36,10.52,1224,1287648,-1
14:41:33,10.52,762,802665,1
14:41:30,10.51,24,25224,-1
14:41:27,10.52,355,373460,1
14:41:24,10.52,287,301934,-1
14:41:21,10.53,223,234819,1
14:41:18,10.52,143,150436,-1
14:41:15,10.52,169,177788,-1
14:41:12,10.52,867,912084,-1
14:41:09,10.52,284,299809,-1
14:41:06,10.52,121,127292,-1
14:41:03,10.52,96,100992,-1
14:41:00,10.52,251,264052,-1
14:40:57,10.52,495,520740,-1
14:40:54,10.53,580,610740,1
14:40:51,10.52,267,280884,-1
14:40:48,10.54,80,84320,1
14:40:45,10.53,417,439101,1
14:40:42,10.52,336,353472,-1
14:40:39,10.54,280,295120,1
14:40:36,10.54,96,101183,1
14:40:33,10.54,152,160208,0
14:40:30,10.54,793,835821,1
14:40:27,10.53,367,386461,-1
14:40:24,10.54,620,653480,-1
14:40:21,10.55,290,305950,1
14:40:18,10.55,341,359755,1
14:40:15,10.54,123,129641,-1
14:40:12,10.56,586,618816,-1
14:40:09,10.57,552,583464,1
14:40:06,10.56,299,315744,1
14:40:03,10.55,1760,1856800,-1
14:40:00,10.56,212,223872,1
14:39:57,10.56,247,260832,-1
14:39:54,10.56,424,447744,-1
14:39:51,10.57,4557,4816749,1
14:39:48,10.56,731,771936,-1
14:39:45,10.56,1486,1569216,1
14:39:42,10.56,365,385440,1
14:39:39,10.55,341,359755,-1
14:39:36,10.55,809,854539,-1
14:39:33,10.55,291,307005,-1
14:39:30,10.55,203,214165,-1
14:39:27,10.55,723,763788,1
14:39:24,10.55,422,445210,1
14:39:21,10.55,700,738500,1
14:39:18,10.55,1285,1355675,1
14:39:15,10.54,1523,1605241,-1
14:39:12,10.55,798,842934,1
14:39:09,10.55,1529,1613095,1
14:39:06,10.54,949,1000245,-1
14:39:03,10.55,585,617175,1
14:39:00,10.55,318,335490,1
14:38:57,10.54,364,383655,1
14:38:54,10.53,173,182169,-1
14:38:51,10.54,2601,2741454,1
14:38:48,10.54,503,531194,1
14:38:45,10.53,297,312741,1
14:38:42,10.51,232,243832,-1
14:38:39,10.52,405,427038,1
14:38:36,10.5,643,675150,-1
14:38:33,10.51,681,716697,1
14:38:30,10.51,993,1044452,1
14:38:27,10.5,1586,1665300,1
14:38:24,10.5,2481,2605606,1
14:38:21,10.5,2491,2615550,1
14:38:18,10.5,1156,1213800,1
14:38:15,10.5,1117,1172850,1
14:38:12,10.5,1135,1191750,1
14:38:09,10.5,1643,1725150,1
14:38:06,10.5,1282,1347129,1
14:38:03,10.5,903,948150,1
14:38:00,10.49,1291,1354259,1
14:37:57,10.49,835,875915,1
14:37:54,10.49,1099,1152851,1
14:37:51,10.49,181,189869,1
14:37:48,10.46,541,565886,-1
14:37:45,10.46,147,153762,0
14:37:42,10.49,10870,11402630,1
14:37:39,10.46,1187,1241602,1
14:37:36,10.46,921,963366,1
14:37:33,10.46,586,613981,1
14:37:30,10.45,1525,1593625,-1
14:37:27,10.45,208,217359,-1
14:37:24,10.45,1170,1223339,1
14:37:21,10.45,2848,2976160,1
14:37:18,10.45,1188,1241460,1
14:37:15,10.45,774,808830,1
14:37:12,10.45,1196,1249820,1
14:37:09,10.45,525,548625,1
14:37:06,10.43,132,137676,-1
14:37:03,10.43,204,212772,-1
14:37:00,10.45,392,409640,1
14:36:57,10.43,1561,1628123,-1
14:36:54,10.43,183,190869,1
14:36:48,10.44,100,104400,1
14:36:45,10.41,161,167601,-1
14:36:42,10.42,123,128582,1
14:36:36,10.41,107,111387,-1
14:36:33,10.42,1157,1205594,1
14:36:30,10.4,23,23920,-1
14:36:27,10.4,3,3120,-1
14:36:24,10.4,35,36400,-1
14:36:21,10.4,30,31200,-1
14:36:18,10.4,325,339019,1
14:36:15,10.4,140,145600,1
14:36:12,10.4,594,617760,1
14:36:09,10.4,190,197600,1
14:36:06,10.4,932,969280,1
14:36:03,10.4,164,170560,1
14:36:00,10.4,87,90480,1
14:35:57,10.4,36,37440,1
14:35:54,10.4,113,117520,1
14:35:51,10.4,186,193440,-1
14:35:48,10.41,9221,9599061,1
14:35:45,10.4,149,154960,-1
14:35:42,10.4,10,10400,-1
14:35:39,10.41,107,111387,1
14:35:36,10.4,128,133120,-1
14:35:33,10.41,68,70788,1
14:35:30,10.4,115,119600,-1
14:35:27,10.41,15,15615,1
14:35:24,10.41,16,16656,1
14:35:21,10.41,87,90567,1
14:35:18,10.41,57,59337,1
14:35:15,10.4,35,37273,-1
14:35:12,10.42,13,13546,1
14:35:09,10.41,181,188421,-1
14:35:06,10.41,47,48927,-1
14:35:03,10.42,35,36470,1
14:35:00,10.41,124,129250,1
14:34:57,10.41,162,168642,1
14:34:54,10.4,215,223600,-1
14:34:51,10.41,43,44763,1
14:34:48,10.41,103,107223,1
14:34:45,10.41,23,23943,1
14:34:42,10.4,73,75920,-1
14:34:39,10.41,23,23943,1
14:34:36,10.41,158,164478,1
14:34:33,10.41,183,190503,1
14:34:30,10.41,26,27066,1
14:34:27,10.41,127,133081,-1
14:34:24,10.42,59,61478,1
14:34:21,10.42,95,98990,1
14:34:18,10.42,87,90654,1
14:34:15,10.41,44,45804,-1
14:34:12,10.41,110,114510,-1
14:34:09,10.41,359,373719,-1
14:34:06,10.41,1386,1442992,1
14:34:03,10.4,52,54080,-1
14:34:00,10.4,6,6240,0
14:33:57,10.41,209,217569,1
14:33:54,10.41,68,70788,1
14:33:51,10.4,39,40560,-1
14:33:48,10.4,259,269360,-1
14:33:45,10.4,323,335920,-1
14:33:42,10.41,48,49968,1
14:33:39,10.4,133,138320,-1
14:33:36,10.4,51,53040,-1
14:33:33,10.4,182,189280,-1
14:33:30,10.4,30,31200,-1
14:33:27,10.4,369,383760,-1
14:33:24,10.41,92,95772,1
14:33:21,10.4,260,270400,-1
14:33:18,10.4,28,29120,-1
14:33:15,10.41,5,5205,1
14:33:12,10.4,237,246480,-1
14:33:09,10.4,44,45760,-1
14:33:06,10.41,779,810939,1
14:33:03,10.4,111,115440,-1
14:33:00,10.4,224,232960,-1
14:32:57,10.41,61,63501,1
14:32:54,10.4,135,140400,-1
14:32:51,10.4,13,13520,-1
14:32:48,10.4,142,147680,-1
14:32:45,10.4,24,24960,-1
14:32:42,10.4,960,999232,1
14:32:39,10.39,95,98705,-1
14:32:36,10.39,18,18702,-1
14:32:33,10.4,238,247520,1
14:32:30,10.4,420,436800,1
14:32:27,10.4,248,257920,1
14:32:24,10.4,21,21840,1
14:32:21,10.4,12,12480,1
14:32:18,10.4,254,264160,1
14:32:15,10.4,21,21840,1
14:32:12,10.39,37,38443,-1
14:32:09,10.4,444,461760,1
14:32:06,10.4,466,484640,1
14:32:00,10.4,167,173680,1
14:31:57,10.4,62,64480,1
14:31:54,10.4,104,109106,1
14:31:51,10.39,8,8312,-1
14:31:48,10.4,302,314080,1
14:31:45,10.4,274,284960,1
14:31:42,10.39,80,83120,-1
14:31:39,10.39,10,10390,-1
14:31:36,10.4,51,53040,1
14:31:33,10.4,75,78000,1
14:31:30,10.39,5,5195,-1
14:31:27,10.4,32,33280,1
14:31:24,10.4,5,5200,1
14:31:21,10.39,426,442614,-1
14:31:18,10.4,100,104000,1
14:31:15,10.39,155,161045,-1
14:31:12,10.39,61,63379,-1
14:31:09,10.4,7,8299,1
14:31:06,10.39,7,7273,-1
14:31:03,10.4,77,80080,1
14:31:00,10.39,30,31170,1
14:30:57,10.39,57,59223,1
14:30:54,10.39,5,5195,-1
14:30:51,10.39,106,110134,1
14:30:48,10.39,45,46755,1
14:30:45,10.38,140,145320,-1
14:30:39,10.39,44,45716,1
14:30:36,10.39,256,265984,-1
14:30:33,10.38,100,103800,-1
14:30:30,10.4,13,13520,1
14:30:27,10.39,1395,1449405,1
14:30:21,10.38,100,103800,-1
14:30:18,10.38,209,217969,1
14:30:15,10.38,9,9342,1
14:30:12,10.38,12,12456,1
14:30:09,10.37,1023,1060851,-1
14:30:06,10.38,26,26988,1
14:30:03,10.38,221,229398,1
14:30:00,10.37,40,41480,-1
14:29:57,10.37,111,115106,-1
14:29:54,10.38,11,11418,1
14:29:51,10.38,83,86154,1
14:29:48,10.37,13,13480,-1
14:29:45,10.38,86,89268,1
14:29:42,10.38,18,18684,1
14:29:39,10.38,103,106914,1
14:29:36,10.38,59,61242,1
14:29:33,10.37,45,46665,-1
14:29:30,10.38,83,86154,1
14:29:27,10.37,69,71553,-1
14:29:24,10.38,65,67470,1
14:29:21,10.37,8,8296,-1
14:29:18,10.38,508,527304,1
14:29:15,10.37,126,130661,-1
14:29:12,10.37,30,31109,-1
14:29:09,10.37,15,15554,-1
14:29:06,10.37,402,416873,-1
14:29:03,10.37,50,51849,-1
14:29:00,10.37,388,402355,1
14:28:57,10.37,10,10370,1
14:28:54,10.36,36,37296,-1
14:28:51,10.37,289,299693,-1
14:28:48,10.37,61,63256,-1
14:28:45,10.37,585,606645,-1
14:28:42,10.38,22,22836,1
14:28:36,10.37,8,8296,-1
14:28:33,10.37,5,5185,-1
14:28:30,10.38,66,68508,1
14:28:27,10.37,40,41480,1
14:28:24,10.36,16,16576,-1
14:28:18,10.37,9,9333,1
14:28:15,10.36,75,77700,-1
14:28:12,10.37,28,29035,-1
14:28:09,10.37,74,76738,1
14:28:06,10.37,752,779823,-1
14:28:03,10.37,51,52886,-1
14:28:00,10.38,5,5190,1
14:27:57,10.38,53,55014,1
14:27:54,10.37,502,520573,-1
14:27:51,10.37,154,159698,1
14:27:48,10.37,221,229176,1
14:27:45,10.37,5,5185,1
14:27:42,10.36,132,136752,-1
14:27:39,10.37,511,529907,1
14:27:36,10.37,22,22814,1
14:27:33,10.37,4,4148,1
14:27:30,10.36,93,96348,-1
14:27:27,10.37,61,63256,1
14:27:21,10.36,74,76664,-1
14:27:18,10.36,62,64232,-1
14:27:15,10.36,200,207200,-1
14:27:12,10.37,54,55997,1
14:27:09,10.36,129,133644,-1
14:27:06,10.36,93,96348,1
14:27:03,10.35,69,71415,-1
14:27:00,10.35,1059,1096065,-1
14:26:57,10.36,174,180554,1
14:26:54,10.35,6,6210,-1
14:26:48,10.36,122,126392,1
14:26:45,10.36,25,25900,-1
14:26:42,10.36,3,3108,-1
14:26:39,10.36,217,224812,1
14:26:36,10.36,10,10360,1
14:26:33,10.35,58,60030,-1
14:26:30,10.36,10,10360,1
14:26:27,10.36,139,144004,1
14:26:24,10.36,170,176120,1
14:26:21,10.35,40,41400,-1
14:26:18,10.35,76,78660,-1
14:26:15,10.36,1,1036,1
14:26:12,10.36,7,7252,1
14:26:09,10.36,12,12432,0
14:26:06,10.37,68,70516,1
14:26:03,10.35,777,805064,-1
14:26:00,10.36,109,112924,1
14:25:57,10.35,178,184230,-1
14:25:54,10.36,58,60088,1
14:25:51,10.35,56,57960,-1
14:25:45,10.36,258,267288,1
14:25:42,10.36,1,1036,1
14:25:39,10.35,208,215280,-1
14:25:36,10.35,149,154215,-1
14:25:30,10.35,26,26910,-1
14:25:27,10.35,89,92115,-1
14:25:24,10.35,19,19665,-1
14:25:21,10.36,5,5180,1
14:25:18,10.35,64,66240,-1
14:25:15,10.36,15,15540,1
14:25:12,10.35,24,24840,-1
14:25:06,10.35,46,47610,-1
14:25:03,10.35,93,96255,-1
14:25:00,10.35,92,95220,-1
14:24:57,10.35,37,38295,1
14:24:54,10.34,219,226446,-1
14:24:51,10.34,40,41360,-1
14:24:48,10.34,69,71346,-1
14:24:42,10.35,142,146970,1
14:24:36,10.35,203,210105,1
14:24:33,10.34,52,53768,0
14:24:30,10.35,510,527850,1
14:24:27,10.34,103,106502,-1
14:24:24,10.35,10,10350,-1
14:24:21,10.35,35,36587,1
14:24:18,10.35,10,10350,1
14:24:15,10.35,83,86577,-1
14:24:12,10.35,100,103500,-1
14:24:09,10.35,10,10350,-1
14:24:03,10.36,247,255892,1
14:24:00,10.35,60,62100,-1
14:23:57,10.36,48,49728,1
14:23:54,10.36,746,772856,-1
14:23:51,10.36,64,66304,-1
14:23:48,10.36,27,27972,-1
14:23:45,10.36,191,197876,-1
14:23:42,10.36,1,1036,-1
14:23:39,10.36,7,7252,-1
14:23:36,10.36,35,36260,-1
14:23:33,10.36,11,11396,-1
14:23:30,10.36,30,31080,-1
14:23:27,10.36,23,23828,-1
14:23:24,10.36,20,20720,-1
14:23:21,10.37,95,98514,1
14:23:18,10.37,497,515388,1
14:23:15,10.36,150,155400,-1
14:23:09,10.37,40,41480,1
14:23:06,10.37,240,248879,-1
14:23:03,10.37,120,124439,-1
14:23:00,10.38,58,60204,1
14:22:57,10.37,110,114069,-1
14:22:54,10.38,60,62280,1
14:22:51,10.38,48,49824,0
14:22:48,10.39,65,67535,1
14:22:45,10.38,56,58128,-1
14:22:42,10.38,172,178536,-1
14:22:39,10.38,67,69546,-1
14:22:36,10.38,122,126636,-1
14:22:33,10.39,154,160006,1
14:22:30,10.38,29,30102,-1
14:22:27,10.39,219,227541,1
14:22:24,10.39,4,4156,1
14:22:21,10.38,531,551178,-1
14:22:18,10.39,168,174552,-1
14:22:15,10.4,133,138320,1
14:22:12,10.39,165,171435,-1
14:22:09,10.39,95,98705,-1
14:22:06,10.39,23,23897,-1
14:22:03,10.39,95,98705,-1
14:22:00,10.39,294,305466,-1
14:21:57,10.39,322,334558,-1
14:21:54,10.39,979,1017181,1
14:21:51,10.38,87,90306,-1
14:21:48,10.39,106,110134,1
14:21:45,10.38,120,124560,-1
14:21:42,10.38,115,119370,-1
14:21:39,10.39,55,57145,1
14:21:36,10.38,59,61242,-1
14:21:33,10.38,58,60204,0
14:21:30,10.37,50,51849,-1
14:21:27,10.39,19,19741,1
14:21:24,10.37,60,62219,-1
14:21:21,10.38,8,8304,-1
14:21:18,10.37,139,144143,-1
14:21:15,10.39,78,81042,-1
14:21:12,10.39,107,111173,-1
14:21:09,10.39,45,46755,-1
14:21:06,10.39,8,8312,-1
14:21:03,10.39,91,94549,1
14:21:00,10.38,196,203448,-1
14:20:57,10.38,100,103800,-1
14:20:54,10.38,330,342540,-1
14:20:51,10.38,56,58128,-1
14:20:48,10.38,54,56052,0
14:20:45,10.36,490,507640,-1
14:20:42,10.38,50,51900,1
14:20:39,10.38,5,5190,1
14:20:36,10.38,11,11418,1
14:20:33,10.38,15,15570,-1
14:20:30,10.39,9,9351,1
14:20:27,10.38,9,9342,-1
14:20:24,10.39,149,154811,1
14:20:21,10.39,9,9351,1
14:20:18,10.4,228,237120,1
14:20:15,10.39,20,20873,-1
14:20:12,10.4,30,31200,1
14:20:09,10.39,40,41560,-1
14:20:06,10.4,26,27040,1
14:20:03,10.39,15,15585,-1
14:20:00,10.4,20,20800,0
14:19:57,10.41,51,53091,1
14:19:54,10.41,65,67675,1
14:19:51,10.4,84,88223,-1
14:19:48,10.41,90,93690,-1
14:19:45,10.41,605,629981,1
14:19:42,10.4,147,152880,-1
14:19:39,10.4,72,74880,-1
14:19:36,10.4,119,123760,-1
14:19:33,10.4,78,81120,-1
14:19:30,10.41,20,20820,1
14:19:27,10.4,55,57200,-1
14:19:24,10.4,282,293280,-1
14:19:21,10.4,19,19760,-1
14:19:18,10.4,92,95680,-1
14:19:15,10.4,326,339040,-1
14:19:12,10.41,22,22902,1
14:19:09,10.4,2,2080,-1
14:19:06,10.4,97,100880,-1
14:19:03,10.4,22,22880,-1
14:19:00,10.4,98,101920,-1
14:18:57,10.41,32,33312,1
14:18:54,10.41,111,115551,1
14:18:51,10.4,75,78000,-1
14:18:48,10.4,15,15600,-1
14:18:45,10.42,728,758576,1
14:18:42,10.41,30,31230,1
14:18:39,10.41,86,89526,-1
14:18:36,10.41,58,60378,-1
14:18:33,10.41,459,477819,-1
14:18:30,10.41,41,42681,1
14:18:27,10.4,100,104000,-1
14:18:24,10.41,21,21861,-1
14:18:21,10.41,30,31230,-1
14:18:18,10.41,380,396610,1
14:18:12,10.41,20,20820,1
14:18:09,10.41,29,30189,1
14:18:06,10.41,350,364350,-1
14:18:03,10.41,180,187380,-1
14:18:00,10.41,60,62460,-1
14:17:57,10.42,10,10420,1
14:17:54,10.41,40,41640,-1
14:17:51,10.41,22,22902,-1
14:17:48,10.42,22,22924,1
14:17:45,10.42,102,106284,1
14:17:42,10.41,109,113469,-1
14:17:39,10.41,209,217569,-1
14:17:36,10.42,42,43764,1
14:17:30,10.43,62,64666,1
14:17:27,10.42,75,78150,-1
14:17:24,10.42,23,23966,-1
14:17:21,10.43,66,68838,1
14:17:18,10.42,136,141712,-1
14:17:15,10.43,60,62580,1
14:17:12,10.42,279,290718,1
14:17:09,10.42,34,35428,1
14:17:06,10.42,107,111494,0
14:17:03,10.43,109,113780,-1
14:17:00,10.43,200,208600,-1
14:16:57,10.43,134,139762,-1
14:16:54,10.43,58,60494,-1
14:16:51,10.43,205,214764,1
14:16:48,10.42,127,132334,-1
14:16:45,10.42,133,138586,-1
14:16:42,10.43,51,53193,1
14:16:39,10.42,425,442850,-1
14:16:36,10.43,173,180439,1
14:16:30,10.42,15,15630,-1
14:16:27,10.43,19,19817,1
14:16:24,10.43,15,15645,-1
14:16:21,10.43,100,104300,-1
14:16:18,10.43,38,39634,-1
14:16:15,10.44,129,134676,1
14:16:12,10.43,46,47978,-1
14:16:09,10.43,20,20860,-1
14:16:06,10.43,125,130375,-1
14:16:03,10.44,24,25056,1
14:16:00,10.43,34,35462,1
14:15:57,10.43,103,107429,-1
14:15:54,10.44,18,18792,1
14:15:51,10.45,220,229899,1
14:15:48,10.43,462,481866,-1
14:15:45,10.45,89,93005,1
14:15:42,10.44,27,28188,-1
14:15:39,10.44,352,367488,0
14:15:36,10.43,281,293083,-1
14:15:33,10.44,116,121104,-1
14:15:30,10.45,738,771210,1
14:15:27,10.44,108,112752,-1
14:15:24,10.45,637,665665,1
14:15:21,10.45,734,767030,1
14:15:18,10.44,400,417600,1
14:15:15,10.44,249,259956,1
14:15:12,10.44,135,140940,1
14:15:09,10.44,70,73080,0
14:15:06,10.45,110,114949,1
14:15:03,10.45,651,680295,1
14:15:00,10.44,151,157644,-1
14:14:57,10.45,29,30304,1
14:14:54,10.45,487,508914,1
14:14:51,10.43,1035,1079515,-1
14:14:48,10.44,207,216108,-1
14:14:45,10.45,184,192280,1
14:14:42,10.44,780,814320,1
14:14:39,10.44,273,285012,1
14:14:36,10.44,315,328860,-1
14:14:33,10.45,1589,1660505,1
14:14:30,10.45,134,140030,1
14:14:27,10.45,110,114949,1
14:14:24,10.45,353,368885,1
14:14:21,10.43,91,94913,-1
14:14:18,10.43,20,20860,-1
14:14:15,10.43,31,33365,-1
14:14:12,10.41,21,21861,1
14:14:09,10.41,40,41640,1
14:14:06,10.41,40,41640,1
14:14:03,10.4,10048,10449920,-1
14:14:00,10.42,1949,2030858,1
14:13:57,10.4,117,121680,1
14:13:54,10.4,27,28080,1
14:13:51,10.4,134,139360,1
14:13:48,10.4,701,729040,1
14:13:45,10.39,211,219229,-1
14:13:42,10.4,70,72800,1
14:13:39,10.39,3105,3227040,1
14:13:36,10.38,107,111066,-1
14:13:33,10.39,930,966270,1
14:13:30,10.39,34,35326,1
14:13:27,10.39,41,42599,1
14:13:24,10.38,943,978875,1
14:13:21,10.37,84,87108,-1
14:13:18,10.38,8,8304,1
14:13:15,10.38,60,62280,1
14:13:12,10.37,41,42517,-1
14:13:09,10.38,236,244968,1
14:13:06,10.37,23,23851,-1
14:13:03,10.37,270,281016,-1
14:13:00,10.38,64,67241,1
14:12:57,10.36,351,363636,-1
14:12:54,10.37,827,857598,1
14:12:51,10.37,145,150365,1
14:12:48,10.36,49,50764,-1
14:12:45,10.36,7,7252,-1
14:12:42,10.37,229,237472,1
14:12:39,10.36,119,123284,1
14:12:36,10.36,139,144004,1
14:12:33,10.36,49,50764,1
14:12:30,10.35,58,60030,-1
14:12:27,10.36,50,51800,1
14:12:24,10.35,133,137655,-1
14:12:21,10.35,2,2070,-1
14:12:18,10.36,72,74592,1
14:12:15,10.36,100,103600,1
14:12:12,10.36,44,45584,1
14:12:09,10.36,54,55944,1
14:12:03,10.35,137,141795,-1
14:12:00,10.36,236,244931,1
14:11:57,10.36,10,10360,1
14:11:54,10.36,145,150220,1
14:11:51,10.36,46,47656,1
14:11:48,10.36,25,25900,1
14:11:42,10.36,104,107744,1
14:11:39,10.36,46,47656,1
14:11:36,10.36,26,26936,1
14:11:33,10.36,176,182936,-1
14:11:27,10.37,10,10370,1
14:11:24,10.36,60,62160,-1
14:11:21,10.36,35,36260,-1
14:11:18,10.36,327,338772,-1
14:11:15,10.36,30,31080,-1
14:11:12,10.37,102,105773,1
14:11:09,10.36,413,428303,1
14:11:06,10.36,80,83480,-1
14:11:03,10.37,80,82960,1
14:11:00,10.36,11,11396,-1
14:10:57,10.37,106,109921,1
14:10:54,10.37,149,154513,1
14:10:51,10.36,13,13468,-1
14:10:48,10.37,2,2074,1
14:10:45,10.37,402,417309,1
14:10:42,10.36,77,79772,1
14:10:39,10.36,82,84952,1
14:10:36,10.36,11,11396,1
14:10:33,10.36,45,46620,1
14:10:30,10.36,90,93840,-1
14:10:27,10.36,106,109816,-1
14:10:24,10.36,10,10360,-1
14:10:21,10.36,562,582232,-1
14:10:18,10.37,14,14517,1
14:10:15,10.37,145,150810,1
14:10:12,10.36,112,116032,-1
14:10:09,10.36,218,225848,-1
14:10:06,10.36,27,27972,-1
14:10:03,10.36,112,117057,1
14:10:00,10.35,29,30015,-1
14:09:57,10.36,5,5180,1
14:09:54,10.35,9,9315,-1
14:09:51,10.35,5,5175,-1
14:09:48,10.36,110,113960,1
14:09:45,10.36,76,78736,1
14:09:42,10.35,55,56925,-1
14:09:39,10.35,43,44505,-1
14:09:36,10.35,7,7245,-1
14:09:33,10.35,37,38295,-1
14:09:30,10.36,24,24864,1
14:09:27,10.36,305,315980,1
14:09:21,10.36,39,40404,1
14:09:18,10.35,37,38295,-1
14:09:15,10.36,209,216524,1
14:09:12,10.36,60,62160,1
14:09:09,10.35,71,73485,-1
14:09:03,10.36,12,12432,1
14:09:00,10.35,142,146970,-1
14:08:57,10.35,13,13455,-1
14:08:54,10.35,50,51750,-1
14:08:51,10.35,151,156285,-1
14:08:48,10.35,36,37260,-1
14:08:45,10.35,59,61065,-1
14:08:42,10.35,16,16560,-1
14:08:39,10.35,266,276272,1
14:08:36,10.35,352,364320,1
14:08:33,10.35,113,116955,1
14:08:30,10.35,22,22770,1
14:08:27,10.35,172,178092,-1
14:08:18,10.35,19,20627,1
14:08:15,10.35,26,26910,1
14:08:12,10.35,90,93222,-1
14:08:09,10.35,9,9315,-1
14:08:06,10.35,22,22770,-1
14:08:00,10.35,67,69345,-1
14:07:57,10.35,347,360107,1
14:07:54,10.35,26,26910,1
14:07:51,10.34,1,1034,-1
14:07:48,10.35,30,31050,1
14:07:45,10.35,64,66240,1
14:07:42,10.35,120,124200,1
14:07:39,10.35,19,19665,1
14:07:36,10.35,21,21735,1
14:07:33,10.35,32,33120,1
14:07:30,10.35,1421,1470807,-1
14:07:27,10.37,4,4148,1
14:07:24,10.36,10,10360,-1
14:07:21,10.36,25,25900,-1
14:07:18,10.36,30,31080,-1
14:07:15,10.37,124,128587,1
14:07:12,10.37,36,37332,1
14:07:09,10.36,64,66304,-1
14:07:03,10.37,66,68442,1
14:07:00,10.37,200,207399,1
14:06:57,10.37,196,203251,1
14:06:54,10.37,352,365024,1
14:06:51,10.37,9,9333,1
14:06:48,10.37,2,2074,1
14:06:45,10.37,20,20740,1
14:06:42,10.37,8,8296,1
14:06:39,10.37,11,11635,-1
14:06:36,10.38,467,484746,1
14:06:33,10.37,546,566202,-1
14:06:30,10.37,44,45628,-1
14:06:27,10.37,13,13480,-1
14:06:24,10.37,107,111767,1
14:06:21,10.36,43,44548,-1
14:06:18,10.37,97,100588,1
14:06:15,10.36,310,321160,-1
14:06:09,10.37,5,5185,1
14:06:06,10.36,21,21756,-1
14:06:03,10.37,31,32146,1
14:06:00,10.36,130,134680,-1
14:05:57,10.36,36,37296,1
14:05:54,10.37,10,10370,1
14:05:51,10.36,158,163688,-1
14:05:48,10.37,35,36295,1
14:05:45,10.36,204,211344,-1
14:05:42,10.37,32,33184,1
14:05:39,10.37,22,22814,1
14:05:36,10.36,6,6216,-1
14:05:33,10.36,37,38332,-1
14:05:30,10.36,20,20720,-1
14:05:27,10.37,84,87336,-1
14:05:24,10.37,44,46436,1
14:05:21,10.37,102,105773,1
14:05:18,10.36,520,538720,-1
14:05:15,10.36,20,20720,-1
14:05:12,10.36,41,42476,-1
14:05:09,10.36,10,10360,-1
14:05:06,10.36,34,35224,-1
14:05:03,10.36,213,220668,1
14:05:00,10.36,20,20720,1
14:04:57,10.36,1,1036,1
14:04:54,10.36,244,252784,1
14:04:51,10.36,37,38332,1
14:04:48,10.36,118,122248,1
14:04:45,10.35,79,81765,-1
14:04:42,10.36,2,2072,-1
14:04:39,10.36,31,32116,1
14:04:36,10.36,69,71484,-1
14:04:33,10.36,7,7252,-1
14:04:30,10.37,151,157551,1
14:04:27,10.36,116,120176,1
14:04:24,10.35,4,4140,-1
14:04:21,10.36,214,221704,1
14:04:18,10.36,104,107744,1
14:04:15,10.36,33,34188,1
14:04:09,10.35,132,136620,-1
14:04:06,10.35,108,111780,-1
14:04:03,10.35,40,41400,-1
14:04:00,10.36,10,10360,1
14:03:57,10.36,43,44548,1
14:03:54,10.36,39,40404,1
14:03:51,10.35,276,285660,-1
14:03:48,10.35,43,44505,-1
14:03:45,10.35,49,50715,-1
14:03:42,10.35,50,51750,-1
14:03:39,10.36,2,2072,1
14:03:36,10.35,100,103500,-1
14:03:33,10.35,872,902520,1
14:03:30,10.34,44,45496,1
14:03:27,10.34,73,75482,1
14:03:24,10.33,80,82640,-1
14:03:21,10.33,11,11363,-1
14:03:18,10.34,82,84788,1
14:03:15,10.34,2,2068,1
14:03:12,10.34,22,22748,1
14:03:09,10.34,1,1034,1
14:03:06,10.34,20,20680,1
14:03:03,10.34,95,98230,-1
14:02:57,10.35,467,483345,1
14:02:54,10.34,321,331914,-1
14:02:51,10.34,62,64108,-1
14:02:48,10.34,93,96162,-1
14:02:45,10.34,64,66176,-1
14:02:42,10.35,39,40365,1
14:02:39,10.35,34,35190,1
14:02:36,10.35,277,286695,0
14:02:33,10.36,18,18648,1
14:02:30,10.36,398,412328,1
14:02:27,10.34,72,74448,1
14:02:24,10.33,10,10330,-1
14:02:21,10.33,1000,1033000,-1
14:02:18,10.35,381,394562,1
14:02:15,10.34,83,85822,1
14:02:12,10.33,138,142554,-1
14:02:09,10.33,163,168379,-1
14:02:06,10.34,21,21714,1
14:02:00,10.34,5,5170,1
14:01:57,10.33,177,182841,1
14:01:54,10.32,6,6192,-1
14:01:51,10.33,753,777849,-1
14:01:48,10.34,35,36190,-1
14:01:45,10.34,20,20680,-1
14:01:42,10.34,20,20680,-1
14:01:39,10.34,163,168542,-1
14:01:33,10.35,5,5175,1
14:01:30,10.34,30,31020,-1
14:01:24,10.35,160,165600,1
14:01:21,10.35,63,65205,-1
14:01:18,10.36,4,4144,1
14:01:09,10.36,151,156477,-1
14:01:06,10.36,3,3108,-1
14:01:03,10.36,7,7252,-1
14:01:00,10.36,150,155400,-1
14:00:57,10.36,104,107744,-1
14:00:54,10.37,128,132736,1
14:00:51,10.36,48,49728,-1
14:00:48,10.36,111,114996,-1
14:00:45,10.36,51,53830,1
14:00:42,10.36,569,589525,1
14:00:36,10.35,139,143865,-1
14:00:33,10.36,37,38332,1
14:00:30,10.35,230,239043,-1
14:00:27,10.36,82,84952,1
14:00:24,10.36,26,26936,1
14:00:21,10.36,16,16576,1
14:00:18,10.36,74,76664,1
14:00:15,10.36,33,34188,1
14:00:12,10.36,13,13468,1
14:00:09,10.36,285,295260,-1
14:00:06,10.36,41,42476,-1
14:00:03,10.36,689,713804,1
13:59:57,10.36,12,12432,1
13:59:54,10.36,81,83916,1
13:59:51,10.35,5,5175,-1
13:59:48,10.36,5,5180,1
13:59:45,10.36,8,8288,1
13:59:39,10.36,84,87024,-1
13:59:36,10.36,172,178192,-1
13:59:33,10.36,281,291116,-1
13:59:30,10.37,14,14517,1
13:59:27,10.37,10,10370,1
13:59:24,10.36,20,20720,-1
13:59:21,10.36,80,82880,-1
13:59:18,10.37,14,14517,1
13:59:15,10.37,61,63256,1
13:59:12,10.37,8,8296,1
13:59:06,10.36,6,6216,-1
13:59:03,10.36,4,4144,-1
13:59:00,10.36,26,26936,-1
13:58:57,10.37,85,88145,1
13:58:54,10.36,91,94503,-1
13:58:51,10.37,115,120281,-1
13:58:48,10.37,40,41480,-1
13:58:45,10.37,10,10370,-1
13:58:42,10.37,125,129624,-1
13:58:39,10.37,20,20740,-1
13:58:36,10.37,98,102445,-1
13:58:33,10.37,3,3110,1
13:58:30,10.36,237,245532,-1
13:58:27,10.37,10,10370,1
13:58:24,10.37,2,2074,1
13:58:18,10.35,42,43470,-1
13:58:15,10.36,865,896140,-1
13:58:12,10.37,21,21777,1
13:58:09,10.37,103,106810,1
13:58:06,10.37,64,66368,1
13:58:03,10.37,55,57034,1
13:58:00,10.37,108,112006,-1
13:57:57,10.37,68,70516,-1
13:57:54,10.37,5,5185,-1
13:57:51,10.37,82,86060,-1
13:57:45,10.37,82,85034,-1
13:57:42,10.37,75,77775,1
13:57:36,10.36,8,9272,-1
13:57:33,10.37,30,31109,-1
13:57:24,10.37,274,284189,1
13:57:21,10.36,281,291116,-1
13:57:18,10.37,216,223991,-1
13:57:15,10.37,50,51849,0
13:57:12,10.38,46,47748,1
13:57:09,10.36,18,18648,-1
13:57:06,10.36,100,103600,-1
13:57:03,10.38,755,783690,1
13:57:00,10.36,127,131572,-1
13:56:57,10.36,9,9324,-1
13:56:54,10.36,25,25900,-1
13:56:51,10.37,41,42517,1
13:56:48,10.37,6,6221,1
13:56:45,10.36,138,142968,-1
13:56:42,10.36,20,20720,-1
13:56:39,10.36,39,40404,-1
13:56:36,10.37,499,517462,1
13:56:33,10.37,10,10370,1
13:56:30,10.37,18,18666,1
13:56:27,10.36,43,44548,-1
13:56:24,10.37,16,16592,1
13:56:21,10.36,114,118104,-1
13:56:18,10.37,148,153476,1
13:56:12,10.37,20,20740,1
13:56:09,10.36,179,185444,-1
13:56:06,10.37,3,3110,1
13:56:03,10.36,142,147112,-1
13:56:00,10.36,16,16576,-1
13:55:57,10.36,94,97384,-1
13:55:54,10.37,20,20740,1
13:55:51,10.37,10,10370,1
13:55:48,10.37,14,14517,1
13:55:45,10.37,2,2074,1
13:55:42,10.37,455,471834,-1
13:55:39,10.38,155,160890,1
13:55:33,10.37,776,804711,-1
13:55:30,10.37,14,14517,-1
13:55:27,10.37,29,30072,-1
13:55:24,10.38,39,40482,1
13:55:21,10.37,13,13480,-1
13:55:18,10.37,18,18666,-1
13:55:15,10.37,32,33184,-1
13:55:12,10.37,208,215695,-1
13:55:06,10.38,22,22836,1
13:55:00,10.38,176,182688,-1
13:54:57,10.39,11,11429,1
13:54:54,10.38,18,18684,-1
13:54:51,10.38,28,29064,-1
13:54:48,10.39,20,20780,1
13:54:45,10.39,4,4156,1
13:54:42,10.39,164,170396,1
13:54:36,10.39,456,473784,1
13:54:33,10.38,25,25950,-1
13:54:30,10.4,12,12480,1
13:54:27,10.39,15,15585,1
13:54:24,10.4,1281,1332240,1
13:54:21,10.39,580,603607,-1
13:54:18,10.39,79,82081,-1
13:54:15,10.4,415,431600,1
13:54:12,10.4,120,124800,1
13:54:09,10.39,105,109146,-1
13:54:06,10.39,47,48833,-1
13:54:03,10.4,34,35360,1
13:54:00,10.4,54,56160,1
13:53:57,10.4,280,291200,1
13:53:54,10.4,146,151840,1
13:53:51,10.39,10,10390,-1
13:53:45,10.4,14,14560,1
13:53:42,10.4,12,12480,1
13:53:39,10.4,1134,1179360,-1
13:53:36,10.41,222,231102,1
13:53:33,10.4,40,41600,-1
13:53:30,10.41,50,52050,1
13:53:27,10.41,15,15615,1
13:53:24,10.4,366,380640,-1
13:53:21,10.41,30,31230,1
13:53:18,10.4,13,13520,-1
13:53:15,10.41,78,81198,1
13:53:12,10.4,12,12480,-1
13:53:09,10.4,10,10400,-1
13:53:06,10.41,60,62460,1
13:53:03,10.4,111,115440,-1
13:53:00,10.41,283,294603,1
13:52:57,10.4,21,21840,-1
13:52:54,10.41,156,162396,1
13:52:51,10.41,18,18738,1
13:52:48,10.4,77,80080,-1
13:52:45,10.4,107,111280,-1
13:52:42,10.41,27,28107,1
13:52:39,10.41,27,28107,1
13:52:36,10.4,58,60320,-1
13:52:33,10.41,123,128043,1
13:52:30,10.4,127,132080,-1
13:52:27,10.41,190,197790,1
13:52:24,10.41,33,34353,1
13:52:21,10.41,25,26025,1
13:52:18,10.4,387,402480,-1
13:52:15,10.4,1110,1154400,-1
13:52:12,10.41,114,118674,1
13:52:09,10.41,145,150945,1
13:52:06,10.41,71,73911,1
13:52:03,10.4,56,58240,-1
13:52:00,10.41,243,252963,1
13:51:57,10.4,220,228800,-1
13:51:54,10.41,34,35394,1
13:51:51,10.41,111,115551,1
13:51:48,10.41,591,615231,-1
13:51:42,10.41,23,23943,-1
13:51:39,10.41,20,20820,-1
13:51:36,10.41,114,118674,-1
13:51:33,10.41,64,66624,-1
13:51:30,10.41,3139,3267699,1
13:51:27,10.39,18,18702,-1
13:51:24,10.39,10,10390,-1
13:51:21,10.4,50,52000,1
13:51:18,10.4,17,17680,1
13:51:15,10.39,152,158956,1
13:51:09,10.39,1,1039,1
13:51:06,10.39,93,96637,-1
13:51:03,10.41,505,525705,1
13:51:00,10.39,114,118446,-1
13:50:57,10.4,100,104000,1
13:50:54,10.4,799,830960,1
13:50:51,10.39,744,773016,-1
13:50:48,10.4,75,78000,1
13:50:45,10.4,403,419120,1
13:50:42,10.4,48,49920,0
13:50:39,10.41,1246,1297086,1
13:50:36,10.4,240,249610,-1
13:50:33,10.4,42,43680,-1
13:50:30,10.4,87,90480,-1
13:50:27,10.41,21,21861,1
13:50:24,10.41,118,122838,-1
13:50:21,10.41,1287,1339767,1
13:50:18,10.4,225,234000,-1
13:50:15,10.4,306,318240,-1
13:50:12,10.41,80,83280,1
13:50:09,10.41,119,123879,1
13:50:06,10.41,27,28107,1
13:50:03,10.41,118,122838,1
13:50:00,10.4,28,30149,-1
13:49:57,10.4,64,66560,-1
13:49:54,10.4,225,234000,-1
13:49:51,10.41,12,12492,0
13:49:48,10.42,615,640830,1
13:49:45,10.41,325,338325,1
13:49:42,10.4,64,66560,-1
13:49:39,10.4,170,176800,-1
13:49:36,10.4,648,673920,-1
13:49:33,10.4,80,83200,-1
13:49:27,10.4,530,551200,-1
13:49:21,10.4,55,57200,0
13:49:18,10.41,59,61419,1
13:49:15,10.39,542,563138,-1
13:49:12,10.39,31,33237,1
13:49:09,10.39,295,306505,1
13:49:06,10.39,71,73769,1
13:49:00,10.39,209,217161,-1
13:48:57,10.4,485,505429,1
13:48:54,10.4,1760,1830400,1
13:48:51,10.4,204,212160,1
13:48:48,10.4,340,353600,1
13:48:45,10.4,96,99840,1
13:48:42,10.39,562,583918,-1
13:48:39,10.39,10,10390,-1
13:48:36,10.39,64,66496,1
13:48:33,10.37,1241,1286917,-1
13:48:30,10.37,500,518499,-1
13:48:27,10.39,33,34287,1
13:48:24,10.37,121,125476,-1
13:48:21,10.4,241,250640,1
13:48:18,10.37,84,87108,-1
13:48:15,10.39,281,291959,1
13:48:12,10.39,2523,2621397,1
13:48:09,10.39,12,12468,0
13:48:06,10.4,48,49920,1
13:48:03,10.39,116,120524,1
13:48:00,10.39,25,25975,1
13:47:54,10.37,142,147254,-1
13:47:51,10.4,115,119600,1
13:47:48,10.39,410,425990,-1
13:47:45,10.37,152,157624,0
13:47:42,10.4,40,41600,1
13:47:39,10.4,30,31200,1
13:47:36,10.39,1449,1505511,1
13:47:33,10.41,234,243594,1
13:47:30,10.39,26,27014,1
13:47:24,10.4,536,557440,0
13:47:21,10.41,61,63501,1
13:47:18,10.39,457,475851,-1
13:47:15,10.41,28,29148,1
13:47:12,10.42,131,136502,1
13:47:09,10.41,20,20820,1
13:47:06,10.41,38,39558,1
13:47:03,10.4,7,7280,-1
13:47:00,10.42,2212,2305737,1
13:46:57,10.39,13,13507,1
13:46:54,10.39,2773,2881323,-1
13:46:51,10.39,146,151694,-1
13:46:48,10.4,292,304553,1
13:46:45,10.4,50,52000,1
13:46:42,10.4,160,166400,1
13:46:39,10.39,121,125719,-1
13:46:36,10.4,577,601109,1
13:46:33,10.35,13,13455,-1
13:46:27,10.35,20,20700,0
13:46:24,10.34,3809,3938506,-1
13:46:21,10.34,10,10340,-1
13:46:18,10.34,2,2068,-1
13:46:15,10.34,8,8272,-1
13:46:12,10.34,952,984368,1
13:46:06,10.33,15,15495,1
13:46:03,10.33,28,28924,1
13:46:00,10.32,142,146544,-1
13:45:57,10.32,446,460272,-1
13:45:54,10.32,7,7224,-1
13:45:51,10.32,714,736848,1
13:45:45,10.32,25,25800,1
13:45:42,10.32,32,33024,1
13:45:39,10.31,51,52581,-1
13:45:36,10.31,106,109286,-1
13:45:33,10.32,23,23736,1
13:45:30,10.32,140,144480,1
13:45:27,10.32,10,10320,1
13:45:24,10.32,30,30960,1
13:45:21,10.32,155,159960,1
13:45:18,10.32,18,18576,1
13:45:15,10.33,22,22726,1
13:45:12,10.33,1543,1593919,1
13:45:09,10.33,9,9297,1
13:45:06,10.33,171,176643,1
13:45:03,10.33,7,7231,1
13:45:00,10.33,31,32023,1
13:44:57,10.33,25,25825,1
13:44:54,10.32,25,25800,-1
13:44:51,10.33,143,147719,1
13:44:48,10.32,5,5160,-1
13:44:42,10.32,10,10320,-1
13:44:39,10.32,302,311664,1
13:44:36,10.31,76,78356,-1
13:44:33,10.31,14,14434,-1
13:44:30,10.32,39,40248,1
13:44:21,10.31,7,7217,-1
13:44:18,10.3,20,20600,-1
13:44:15,10.33,2,2066,0
13:44:12,10.3,668,688987,-1
13:44:09,10.31,18,18558,-1
13:44:06,10.31,57,58767,-1
13:44:03,10.3,515,530450,-1
13:44:00,10.31,34,35054,1
13:43:57,10.31,22,22682,1
13:43:54,10.31,93,95883,1
13:43:51,10.31,7,7217,1
13:43:48,10.31,40,41240,1
13:43:45,10.3,129,132870,-1
13:43:42,10.31,162,168032,-1
13:43:39,10.32,22,22724,1
13:43:36,10.3,60,61800,-1
13:43:33,10.31,55,56705,-1
13:43:30,10.31,326,336106,-1
13:43:27,10.31,35,36085,-1
13:43:24,10.31,1,1031,-1
13:43:21,10.31,38,39178,-1
13:43:18,10.31,108,111348,1
13:43:15,10.31,34,35054,1
13:43:12,10.31,62,63922,1
13:43:09,10.31,208,214448,1
13:43:06,10.31,47,48457,1
13:43:03,10.31,176,181456,1
13:43:00,10.31,44,45364,1
13:42:57,10.31,127,130937,1
13:42:54,10.3,98,100940,-1
13:42:51,10.31,14,14434,0
13:42:45,10.3,81,83430,-1
13:42:42,10.31,35,36085,-1
13:42:39,10.31,347,357757,1
13:42:36,10.31,978,1008318,1
13:42:33,10.31,56,57736,1
13:42:30,10.31,166,171146,1
13:42:27,10.31,32,32992,1
13:42:24,10.31,92,94852,-1
13:42:21,10.31,212,218572,0
13:42:18,10.3,140,144200,-1
13:42:15,10.3,137,141110,-1
13:42:12,10.3,169,174070,-1
13:42:09,10.32,185,190920,1
13:42:06,10.31,69,71139,1
13:42:03,10.3,72,74160,-1
13:42:00,10.31,195,202045,-1
13:41:57,10.32,141,145512,1
13:41:54,10.32,270,278640,1
13:41:51,10.31,170,175270,-1
13:41:48,10.31,33,34023,-1
13:41:45,10.31,602,620692,1
13:41:42,10.3,658,677740,1
13:41:39,10.29,70,72030,-1
13:41:36,10.29,109,112160,-1
13:41:33,10.29,68,69972,-1
13:41:30,10.29,107,110102,-1
13:41:27,10.29,930,956969,-1
13:41:24,10.29,106,109073,-1
13:41:21,10.3,103,106090,1
13:41:18,10.29,29,29840,-1
13:41:15,10.3,146,150380,1
13:41:12,10.3,10,10300,1
13:41:09,10.3,191,196730,1
13:41:06,10.3,166,170980,1
13:41:03,10.3,99,101970,-1
13:41:00,10.31,270,278452,1
13:40:57,10.3,3,3090,-1
13:40:54,10.31,44,45364,1
13:40:51,10.3,281,289430,-1
13:40:48,10.3,325,334750,-1
13:40:45,10.3,61,63818,-1
13:40:42,10.31,31,31961,1
13:40:39,10.31,11,11341,1
13:40:36,10.3,164,168920,-1
13:40:33,10.3,120,123600,-1
13:40:30,10.31,336,346416,1
13:40:27,10.3,78,80340,-1
13:40:24,10.31,355,366005,1
13:40:21,10.3,50,51500,-1
13:40:18,10.31,230,237130,1
13:40:15,10.3,350,360500,-1
13:40:12,10.3,50,51500,-1
13:40:09,10.3,267,275010,-1
13:40:06,10.31,177,182487,1
13:40:03,10.31,175,180425,-1
13:40:00,10.31,127,130937,-1
13:39:57,10.31,193,200003,1
13:39:54,10.31,72,74232,1
13:39:51,10.31,28,28868,-1
13:39:48,10.32,34,35088,1
13:39:45,10.31,380,391914,-1
13:39:42,10.32,14,14448,1
13:39:39,10.31,156,160836,-1
13:39:36,10.31,108,111348,-1
13:39:33,10.32,103,106296,1
13:39:30,10.31,592,610352,-1
13:39:27,10.31,284,292804,-1
13:39:24,10.31,139,143309,-1
13:39:21,10.32,11,11352,1
13:39:18,10.32,31,31992,1
13:39:15,10.32,58,59856,1
13:39:12,10.31,656,676336,-1
13:39:09,10.31,179,185445,-1
13:39:06,10.31,287,295897,-1
13:39:03,10.32,139,143448,1
13:39:00,10.31,140,144340,-1
13:38:57,10.32,16,16512,-1
13:38:54,10.32,50,51600,-1
13:38:51,10.32,10,10320,-1
13:38:48,10.32,3,3096,-1
13:38:45,10.31,164,169084,-1
13:38:39,10.34,201,207834,1
13:38:36,10.32,97,100104,1
13:38:33,10.32,786,811162,-1
13:38:30,10.34,523,540782,1
13:38:27,10.33,200,206600,-1
13:38:24,10.33,100,103300,-1
13:38:21,10.33,40,42342,-1
13:38:18,10.33,147,151851,-1
13:38:15,10.33,16,16528,-1
13:38:09,10.33,162,167346,1
13:38:06,10.32,74,76368,-1
13:38:03,10.32,44,45408,-1
13:38:00,10.33,5,5165,1
13:37:57,10.32,32,33024,-1
13:37:54,10.32,85,87720,-1
13:37:51,10.33,15,15495,1
13:37:48,10.32,140,144480,-1
13:37:45,10.32,217,223944,-1
13:37:42,10.32,98,101136,-1
13:37:39,10.33,150,154950,1
13:37:36,10.32,85,87720,-1
13:37:33,10.32,270,278640,-1
13:37:30,10.33,76,78508,1
13:37:27,10.32,62,63984,-1
13:37:24,10.32,40,41280,-1
13:37:21,10.32,139,143448,-1
13:37:18,10.32,145,149640,-1
13:37:15,10.32,273,281736,1
13:37:12,10.31,11,11341,-1
13:37:09,10.31,42,43302,-1
13:37:06,10.32,23,23736,1
13:37:03,10.32,92,94944,-1
13:37:00,10.32,176,181632,-1
13:36:57,10.33,187,193171,-1
13:36:54,10.34,1868,1931512,1
13:36:51,10.32,54,55728,-1
13:36:48,10.32,111,114552,-1
13:36:45,10.33,24,24792,1
13:36:42,10.33,61,63013,1
13:36:39,10.33,602,621866,1
13:36:36,10.32,175,180600,-1
13:36:33,10.33,168,173544,-1
13:36:30,10.33,168,173544,-1
13:36:27,10.33,200,206600,1
13:36:24,10.33,2,2066,1
13:36:21,10.33,76,78508,1
13:36:18,10.32,69,71208,-1
13:36:15,10.32,186,191952,-1
13:36:12,10.33,329,339857,-1
13:36:09,10.33,115,118795,-1
13:36:06,10.33,110,113630,-1
13:36:03,10.33,75,77475,-1
13:36:00,10.33,61,63013,-1
13:35:57,10.33,92,95036,-1
13:35:54,10.33,80,82640,-1
13:35:51,10.34,3,3102,1
13:35:48,10.34,173,178882,1
13:35:45,10.34,2,2068,1
13:35:42,10.34,86,88924,1
13:35:39,10.34,720,744480,-1
13:35:36,10.35,192,198720,1
13:35:33,10.34,35,36190,-1
13:35:30,10.35,1,1035,1
13:35:27,10.35,1,1035,1
13:35:24,10.35,132,136620,1
13:35:21,10.35,170,175950,-1
13:35:18,10.35,50,51750,-1
13:35:12,10.35,52,53820,-1
13:35:09,10.36,125,129500,1
13:35:06,10.36,43,44548,1
13:35:03,10.35,82,84870,-1
13:35:00,10.35,50,51750,-1
13:34:57,10.35,119,123165,-1
13:34:54,10.35,19,19665,-1
13:34:51,10.35,18,18630,-1
13:34:48,10.35,90,93150,-1
13:34:45,10.35,89,92115,-1
13:34:42,10.35,83,85905,-1
13:34:39,10.37,3,3110,1
13:34:36,10.37,37,38369,1
13:34:33,10.35,26,26910,-1
13:34:30,10.37,27,27998,1
13:34:27,10.37,18,18666,1
13:34:24,10.34,141,145794,-1
13:34:21,10.38,161,167118,1
13:34:18,10.37,40,41480,0
13:34:15,10.38,133,138054,1
13:34:12,10.38,2,2076,1
13:34:09,10.37,59,61182,-1
13:34:06,10.38,41,42558,1
13:34:03,10.38,61,63318,1
13:34:00,10.38,336,348768,-1
13:33:57,10.38,70,72660,-1
13:33:54,10.38,435,451530,-1
13:33:51,10.38,20,20760,-1
13:33:45,10.38,1179,1223802,1
13:33:42,10.36,61,63196,-1
13:33:39,10.36,23,23828,-1
13:33:33,10.37,1,1037,1
13:33:30,10.35,44,45540,1
13:33:27,10.35,12,12420,-1
13:33:24,10.39,686,712754,1
13:33:21,10.35,50,51750,-1
13:33:18,10.38,12,12456,-1
13:33:15,10.38,5,5190,-1
13:33:12,10.38,93,96534,1
13:33:09,10.35,197,203895,1
13:33:06,10.35,382,395370,0
13:33:03,10.39,1040,1080560,1
13:33:00,10.35,3,3105,1
13:32:57,10.34,25,25850,-1
13:32:54,10.34,40,41360,-1
13:32:51,10.35,84,86940,1
13:32:48,10.35,2393,2476786,-1
13:32:45,10.37,90,93330,-1
13:32:42,10.37,73,75701,-1
13:32:39,10.39,7,7273,1
13:32:36,10.39,267,277413,1
13:32:33,10.38,2,2076,1
13:32:30,10.38,184,191023,-1
13:32:27,10.39,110,114290,1
13:32:24,10.39,84,87276,1
13:32:21,10.39,151,156889,1
13:32:18,10.39,326,338714,1
13:32:15,10.38,136,141168,-1
13:32:12,10.39,5,5195,1
13:32:09,10.39,201,208839,1
13:32:06,10.39,10,10390,1
13:32:03,10.39,103,107017,-1
13:32:00,10.39,120,124680,-1
13:31:57,10.39,231,240009,-1
13:31:54,10.39,2,2078,-1
13:31:51,10.39,31,32209,-1
13:31:48,10.39,11,11429,-1
13:31:45,10.39,113,117407,-1
13:31:42,10.39,281,291959,-1
13:31:39,10.39,198,206750,1
13:31:36,10.38,1,1038,-1
13:31:33,10.38,1334,1384692,-1
13:31:30,10.39,102,105978,1
13:31:27,10.38,143,148434,-1
13:31:24,10.38,432,448416,-1
13:31:21,10.39,34,35326,1
13:31:18,10.38,191,198258,-1
13:31:15,10.39,35,36365,1
13:31:12,10.39,21,21819,1
13:31:09,10.38,22,22836,-1
13:31:06,10.39,58,60262,1
13:31:03,10.39,3,3117,1
13:31:00,10.39,29,30131,-1
13:30:57,10.4,39,40560,1
13:30:54,10.39,39,40521,1
13:30:51,10.4,107,111280,1
13:30:48,10.39,161,167279,-1
13:30:42,10.4,30,31200,1
13:30:39,10.39,13,13507,-1
13:30:36,10.4,752,782080,1
13:30:33,10.39,15,15585,1
13:30:30,10.39,60,62340,1
13:30:27,10.38,100,103800,-1
13:30:24,10.39,303,314817,-1
13:30:18,10.39,46,47794,-1
13:30:15,10.39,106,110134,-1
13:30:12,10.39,24,24936,-1
13:30:09,10.4,245,254800,1
13:30:06,10.39,81,84159,-1
13:30:03,10.4,88,91520,1
13:30:00,10.39,20,20780,-1
13:29:57,10.4,68,70720,-1
13:29:54,10.4,48,49920,1
13:29:51,10.39,86,89354,-1
13:29:48,10.39,1350,1402650,0
13:29:45,10.38,74,76812,-1
13:29:42,10.38,138,143244,-1
13:29:39,10.39,396,411444,1
13:29:36,10.38,10,10380,-1
13:29:33,10.39,95,98705,1
13:29:30,10.39,209,217151,1
13:29:27,10.39,48,49872,-1
13:29:24,10.39,897,931983,0
13:29:21,10.4,73,75920,1
13:29:18,10.39,43,44677,0
13:29:12,10.4,102,106080,1
13:29:09,10.39,78,81042,0
13:29:06,10.4,1092,1135680,1
13:29:03,10.4,97,100880,1
13:29:00,10.4,29,30160,1
13:28:57,10.4,48,49920,1
13:28:54,10.41,1000,1041000,1
13:28:51,10.4,345,358800,1
13:28:48,10.4,190,197600,1
13:28:45,10.4,14,14560,1
13:28:42,10.4,34,35360,1
13:28:39,10.4,20,20800,1
13:28:36,10.4,23,23920,1
13:28:33,10.4,88,91520,1
13:28:30,10.4,2,2080,1
13:28:27,10.4,321,333840,-1
13:28:24,10.41,47,48927,1
13:28:21,10.4,14,14560,-1
13:28:18,10.41,57,59337,0
13:28:15,10.4,104,108160,-1
13:28:12,10.41,145,150945,1
13:28:09,10.4,64,66560,-1
13:28:06,10.41,20,20820,1
13:28:03,10.4,13,13520,-1
13:28:00,10.41,31,32271,1
13:27:57,10.41,106,110346,-1
13:27:54,10.4,249,258960,-1
13:27:51,10.4,3,3120,-1
13:27:48,10.42,1349,1405658,1
13:27:45,10.41,49,51009,1
13:27:42,10.41,17,17697,1
13:27:39,10.41,52,54132,1
13:27:36,10.41,227,236307,-1
13:27:33,10.41,33,34353,-1
13:27:30,10.41,92,95772,-1
13:27:27,10.42,99,103158,1
13:27:24,10.42,92,95864,1
13:27:18,10.42,138,143796,1
13:27:15,10.41,657,683937,-1
13:27:12,10.41,50,52050,-1
13:27:06,10.42,86,89612,1
13:27:03,10.41,169,175929,1
13:27:00,10.41,33,34353,1
13:26:57,10.42,300,312600,1
13:26:54,10.4,4,4160,0
13:26:51,10.41,14,14574,0
13:26:48,10.42,134,139628,1
13:26:45,10.39,527,547553,-1
13:26:42,10.41,144,149904,1
13:26:39,10.42,534,556428,1
13:26:36,10.41,66,68716,-1
13:26:33,10.42,156,162552,1
13:26:30,10.41,89,92649,-1
13:26:27,10.41,72,74952,-1
13:26:24,10.41,1177,1226287,1
13:26:21,10.4,125,130000,1
13:26:15,10.38,15,15570,-1
13:26:12,10.4,13,13520,1
13:26:09,10.39,7,7273,0
13:26:06,10.39,234,243126,-1
13:26:03,10.39,352,365728,-1
13:26:00,10.39,259,269101,-1
13:25:57,10.4,22,22880,1
13:25:54,10.39,7,7273,-1
13:25:51,10.4,46,47840,1
13:25:48,10.4,3,3120,0
13:25:45,10.4,5,5200,0
13:25:42,10.39,481,499759,-1
13:25:39,10.4,115,119600,-1
13:25:36,10.4,1048,1089920,-1
13:25:33,10.4,1369,1423760,1
13:25:30,10.4,38,39520,1
13:25:27,10.39,70,72730,-1
13:25:24,10.4,143,148720,1
13:25:21,10.4,154,160160,1
13:25:18,10.39,6,6234,-1
13:25:15,10.39,107,111173,-1
13:25:12,10.39,56,58184,-1
13:25:06,10.39,99,102861,-1
13:25:03,10.4,327,340080,1
13:25:00,10.4,142,147680,1
13:24:57,10.39,22,22858,-1
13:24:54,10.4,60,62400,1
13:24:51,10.4,181,188240,1
13:24:48,10.39,253,262867,-1
13:24:45,10.39,35,36365,-1
13:24:42,10.39,539,560021,-1
13:24:39,10.4,100,104000,1
13:24:36,10.39,59,61301,-1
13:24:33,10.4,33,34320,1
13:24:30,10.4,83,86320,1
13:24:27,10.4,20,20800,1
13:24:24,10.39,19,19741,-1
13:24:21,10.4,242,251680,1
13:24:18,10.4,42,43680,1
13:24:15,10.39,46,47794,-1
13:24:12,10.4,51,53040,1
13:24:09,10.39,161,167279,-1
13:24:06,10.39,22,22858,-1
13:24:03,10.4,51,53040,1
13:24:00,10.4,79,82160,1
13:23:57,10.39,498,517505,-1
13:23:54,10.41,143,148863,1
13:23:51,10.41,324,337284,1
13:23:48,10.41,13,13533,1
13:23:45,10.41,161,167601,1
13:23:42,10.41,1,1041,1
13:23:39,10.4,36,37440,-1
13:23:36,10.4,330,343200,-1
13:23:33,10.41,1017,1058697,1
13:23:30,10.4,368,382720,-1
13:23:27,10.4,165,171600,-1
13:23:24,10.4,132,137280,-1
13:23:21,10.41,4,4164,1
13:23:18,10.41,43,44763,1
13:23:15,10.4,115,119600,-1
13:23:12,10.41,53,55173,-1
13:23:09,10.42,4,4168,1
13:23:06,10.41,45,47802,1
13:23:03,10.4,10,10400,1
13:23:00,10.4,37,38563,-1
13:22:57,10.42,103,107326,1
13:22:54,10.41,14,14574,0
13:22:51,10.42,50,52100,1
13:22:48,10.4,38,39520,-1
13:22:45,10.4,309,322316,1
13:22:42,10.39,35,36365,0
13:22:39,10.39,5,5195,1
13:22:36,10.39,366,380274,-1
13:22:33,10.39,56,58267,-1
13:22:30,10.41,1826,1900866,1
13:22:27,10.4,23,23920,-1
13:22:24,10.4,191,199596,1
13:22:21,10.39,1042,1082638,-1
13:22:18,10.4,132,137280,1
13:22:15,10.39,22,22858,-1
13:22:12,10.39,93,96627,-1
13:22:09,10.39,270,280530,1
13:22:06,10.39,58,60262,1
13:22:03,10.39,8,8312,1
13:22:00,10.38,18,18684,-1
13:21:57,10.39,573,596365,1
13:21:54,10.39,187,194293,1
13:21:51,10.39,29,30131,1
13:21:48,10.38,106,110028,-1
13:21:45,10.38,181,187878,-1
13:21:42,10.38,540,560520,-1
13:21:39,10.38,12,12456,-1
13:21:36,10.37,121,125476,-1
13:21:33,10.38,8,8304,-1
13:21:30,10.37,158,164872,-1
13:21:27,10.38,43,44634,1
13:21:24,10.38,20,20760,1
13:21:21,10.38,451,468138,1
13:21:18,10.37,325,337025,-1
13:21:15,10.37,190,197029,-1
13:21:12,10.37,247,256138,-1
13:21:09,10.38,286,296868,1
13:21:06,10.37,150,155550,-1
13:21:03,10.38,175,181650,1
13:21:00,10.38,369,383022,1
13:20:57,10.37,135,139995,-1
13:20:54,10.38,94,97572,1
13:20:51,10.37,25,25924,-1
13:20:48,10.37,72,74664,-1
13:20:45,10.37,166,172142,-1
13:20:42,10.38,1,1038,1
13:20:39,10.38,275,285450,1
13:20:36,10.38,109,113142,1
13:20:33,10.38,1,1038,1
13:20:30,10.38,13,13494,-1
13:20:27,10.38,1453,1508214,-1
13:20:24,10.38,522,541836,-1
13:20:21,10.39,66,68574,1
13:20:18,10.39,10,10390,1
13:20:15,10.39,930,966270,1
13:20:12,10.38,189,196182,-1
13:20:09,10.38,478,496164,-1
13:20:06,10.39,12,12468,1
13:20:03,10.38,41,42558,-1
13:20:00,10.38,13,13494,-1
13:19:57,10.39,12,12468,1
13:19:54,10.38,74,76812,-1
13:19:51,10.38,491,509658,-1
13:19:48,10.39,269,279491,1
13:19:45,10.39,98,101822,1
13:19:42,10.39,322,334558,-1
13:19:39,10.39,239,248321,-1
13:19:36,10.39,667,693013,1
13:19:33,10.39,21,21819,1
13:19:30,10.39,101,104939,1
13:19:27,10.39,100,103900,1
13:19:24,10.38,27,28026,-1
13:19:21,10.38,122,126636,-1
13:19:18,10.39,135,140265,0
13:19:09,10.4,254,264160,1
13:19:06,10.39,240,249360,-1
13:19:03,10.39,1451,1507589,-1
13:19:00,10.39,798,829122,-1
13:18:57,10.4,321,333840,1
13:18:54,10.39,259,269101,-1
13:18:51,10.39,126,130914,-1
13:18:48,10.39,195,202605,-1
13:18:45,10.39,157,163123,-1
13:18:42,10.4,111,115440,1
13:18:39,10.4,23,23920,1
13:18:36,10.4,352,366080,-1
13:18:33,10.4,352,366080,-1
13:18:30,10.4,591,614640,-1
13:18:27,10.4,204,212160,-1
13:18:24,10.4,33,34320,-1
13:18:21,10.41,14,14574,1
13:18:18,10.41,10,10410,1
13:18:15,10.41,1773,1845693,-1
13:18:12,10.41,107,111387,-1
13:18:09,10.41,7,7287,-1
13:18:06,10.41,31,32271,-1
13:18:03,10.42,86,89612,1
13:18:00,10.41,1132,1178412,-1
13:17:57,10.42,298,310516,-1
13:17:54,10.42,205,213610,-1
13:17:51,10.42,2750,2865500,-1
13:17:48,10.42,131,136502,-1
13:17:45,10.43,172,179396,1
13:17:42,10.42,259,269878,-1
13:17:39,10.42,92,95864,-1
13:17:36,10.43,18,18774,1
13:17:33,10.43,11,11473,1
13:17:30,10.43,221,230534,-1
13:17:27,10.43,413,430759,-1
13:17:24,10.44,1,1044,1
13:17:21,10.43,48,50064,-1
13:17:18,10.43,791,825013,-1
13:17:15,10.43,648,675864,-1
13:17:12,10.43,36,37548,-1
13:17:09,10.43,15,15645,-1
13:17:06,10.43,103,107429,-1
13:17:03,10.44,115,120060,-1
13:17:00,10.44,39,40716,0
13:16:57,10.43,288,301416,-1
13:16:54,10.44,60,62640,-1
13:16:51,10.44,966,1009527,1
13:16:48,10.44,448,467712,1
13:16:45,10.44,38,39672,1
13:16:39,10.44,23,24012,1
13:16:36,10.44,2,2088,1
13:16:33,10.44,567,591968,-1
13:16:30,10.44,65,67860,-1
13:16:27,10.44,51,53244,-1
13:16:24,10.44,21,21924,-1
13:16:21,10.44,1238,1292472,-1
13:16:18,10.44,88,91872,-1
13:16:15,10.44,23,24012,-1
13:16:12,10.44,252,263088,-1
13:16:09,10.45,245,256024,1
13:16:06,10.45,229,239304,1
13:16:03,10.45,39,40755,1
13:16:00,10.45,52,54339,-1
13:15:57,10.45,25,26125,-1
13:15:54,10.44,221,230724,-1
13:15:51,10.45,797,833418,1
13:15:48,10.45,145,151525,1
13:15:45,10.45,897,937364,1
13:15:42,10.45,645,674025,1
13:15:39,10.45,366,382470,1
13:15:36,10.44,62,64728,-1
13:15:33,10.45,175,182875,-1
13:15:30,10.45,92,96140,-1
13:15:27,10.45,23,24035,-1
13:15:24,10.45,73,76285,-1
13:15:21,10.46,102,106692,1
13:15:18,10.45,622,650460,1
13:15:15,10.44,99,103356,-1
13:15:12,10.44,1308,1365552,-1
13:15:09,10.45,132,137940,1
13:15:06,10.45,571,596695,1
13:15:03,10.44,89,92916,-1
13:15:00,10.45,384,401280,1
13:14:57,10.45,265,276925,1
13:14:54,10.44,64,66816,-1
13:14:51,10.44,204,212976,-1
13:14:48,10.45,348,363660,1
13:14:45,10.45,742,775390,1
13:14:42,10.44,212,221328,-1
13:14:39,10.44,564,588816,-1
13:14:36,10.45,169,176605,1
13:14:33,10.44,198,206712,-1
13:14:30,10.45,37,38665,1
13:14:27,10.45,68,71060,1
13:14:24,10.45,152,158840,1
13:14:21,10.45,189,198058,-1
13:14:18,10.45,429,448304,-1
13:14:15,10.45,1374,1436321,1
13:14:12,10.45,301,315098,-1
13:14:09,10.45,378,395010,-1
13:14:06,10.45,436,455619,-1
13:14:03,10.45,616,643720,-1
13:14:00,10.46,47,49162,1
13:13:57,10.45,153,159885,-1
13:13:54,10.46,466,487436,1
13:13:51,10.45,171,178695,-1
13:13:48,10.45,263,274835,-1
13:13:45,10.45,204,213180,-1
13:13:42,10.45,485,506824,-1
13:13:39,10.45,7738,8086701,1
13:13:36,10.44,391,408204,-1
13:13:33,10.44,729,761076,-1
13:13:30,10.44,93,97092,-1
13:13:27,10.44,288,300672,-1
13:13:24,10.44,318,331992,-1
13:13:21,10.44,367,383148,-1
13:13:18,10.44,428,446832,1
13:13:15,10.43,716,746788,-1
13:13:12,10.44,32,33408,1
13:13:09,10.43,215,224245,-1
13:13:06,10.44,144,150336,1
13:13:03,10.44,450,469800,1
13:13:00,10.44,17,17748,1
13:12:57,10.43,268,279524,-1
13:12:54,10.44,41,42804,0
13:12:51,10.43,1029,1073247,-1
13:12:48,10.43,563,587209,-1
13:12:45,10.44,29,30276,1
13:12:42,10.44,955,997938,1
13:12:39,10.43,17,17731,1
13:12:36,10.43,211,220198,-1
13:12:33,10.44,88,91872,1
13:12:30,10.44,1712,1787328,1
13:12:27,10.43,196,204428,-1
13:12:24,10.43,908,947044,-1
13:12:21,10.44,358,373752,1
13:12:18,10.43,731,762433,-1
13:12:15,10.43,196,204428,-1
13:12:12,10.44,565,590789,1
13:12:09,10.43,116,120988,-1
13:12:06,10.43,63,65709,-1
13:12:03,10.43,105,110547,-1
13:12:00,10.43,285,297255,-1
13:11:57,10.43,1168,1218224,-1
13:11:54,10.43,241,251363,-1
13:11:51,10.44,36,37584,1
13:11:48,10.44,43,44892,1
13:11:45,10.44,264,275616,1
13:11:42,10.44,429,447876,1
13:11:39,10.43,416,433888,-1
13:11:36,10.43,121,126203,-1
13:11:33,10.44,596,622224,1
13:11:30,10.43,413,430759,-1
13:11:27,10.43,500,521500,-1
13:11:24,10.43,382,398426,-1
13:11:21,10.44,876,914544,1
13:11:18,10.43,194,202342,-1
13:11:15,10.44,844,881136,1
13:11:12,10.44,293,305892,1
13:11:09,10.44,381,397764,1
13:11:06,10.43,143,149149,-1
13:11:03,10.44,62,64728,1
13:11:00,10.44,442,461448,1
13:10:57,10.44,331,345564,1
13:10:54,10.43,52,54236,-1
13:10:51,10.44,17,17748,1
13:10:48,10.43,41,42763,-1
13:10:45,10.43,667,695681,-1
13:10:42,10.45,1099,1148455,1
13:10:39,10.44,523,546012,-1
13:10:36,10.44,189,197316,1
13:10:33,10.44,227,236988,1
13:10:30,10.44,41,42804,1
13:10:27,10.44,258,269352,1
13:10:24,10.43,165,172095,-1
13:10:21,10.44,412,430128,1
13:10:18,10.44,801,836244,0
13:10:15,10.45,515,538175,1
13:10:12,10.44,522,544968,-1
13:10:09,10.44,486,507384,-1
13:10:06,10.45,218,227809,1
13:10:03,10.44,623,650412,1
13:10:00,10.44,127,132588,1
13:09:57,10.43,78,81354,-1
13:09:54,10.44,39,40716,1
13:09:51,10.44,1,1044,1
13:09:48,10.44,64,66816,1
13:09:45,10.44,116,121104,1
13:09:42,10.44,398,415960,-1
13:09:39,10.44,53,55332,-1
13:09:36,10.45,26,27169,1
13:09:33,10.45,175,182875,1
13:09:30,10.45,114,119129,1
13:09:27,10.45,110,114949,1
13:09:24,10.44,149,155556,-1
13:09:21,10.44,75,78300,-1
13:09:18,10.43,1488,1553006,-1
13:09:15,10.43,715,745745,1
13:09:12,10.43,180,187740,-1
13:09:09,10.43,432,450576,1
13:09:06,10.43,398,415114,1
13:09:03,10.42,700,729400,-1
13:09:00,10.43,210,219030,-1
13:08:57,10.43,776,809368,-1
13:08:54,10.43,344,359407,1
13:08:51,10.42,550,573100,-1
13:08:48,10.43,121,126203,1
13:08:45,10.42,608,633536,-1
13:08:42,10.42,1271,1324382,1
13:08:39,10.42,234,243828,-1
13:08:36,10.42,117,121914,-1
13:08:33,10.43,466,486038,1
13:08:30,10.42,50,52100,1
13:08:27,10.42,488,508912,-1
13:08:24,10.43,84,87612,1
13:08:21,10.43,244,254492,1
13:08:18,10.43,134,139762,1
13:08:15,10.43,169,176267,1
13:08:12,10.43,1048,1093064,1
13:08:09,10.42,355,369910,-1
13:08:06,10.44,635,662940,1
13:08:03,10.42,491,511622,-1
13:08:00,10.42,87,90654,-1
13:07:57,10.43,979,1021993,1
13:07:54,10.43,244,254492,1
13:07:51,10.42,199,207358,-1
13:07:48,10.43,852,889407,1
13:07:45,10.42,174,181308,1
13:07:42,10.42,271,282382,-1
13:07:39,10.42,143,149006,1
13:07:36,10.42,39,40638,1
13:07:33,10.42,966,1006572,1
13:07:30,10.42,211,219862,1
13:07:27,10.42,998,1039916,1
13:07:24,10.42,236,245912,1
13:07:21,10.41,135,140535,-1
13:07:18,10.42,203,211526,1
13:07:15,10.42,47,48974,1
13:07:12,10.42,63,65646,1
13:07:09,10.42,22,22924,1
13:07:06,10.41,55,57255,-1
13:07:03,10.42,371,386582,1
13:07:00,10.41,409,425769,1
13:06:57,10.41,374,389334,1
13:06:54,10.4,187,194480,-1
13:06:51,10.4,80,83200,-1
13:06:48,10.39,220,228580,-1
13:06:45,10.39,285,296115,-1
13:06:42,10.4,232,241280,-1
13:06:39,10.4,4639,4825589,1
13:06:36,10.39,14,14546,1
13:06:33,10.39,89,92471,1
13:06:30,10.39,37,38443,1
13:06:27,10.39,122,126758,1
13:06:24,10.38,14,14532,-1
13:06:21,10.39,5,5195,1
13:06:18,10.39,20,20780,1
13:06:15,10.39,5,5195,1
13:06:12,10.39,5,5195,1
13:06:09,10.39,109,113251,0
13:06:06,10.37,2364,2451468,-1
13:06:03,10.38,296,307248,1
13:06:00,10.38,614,637342,-1
13:05:57,10.39,2220,2306580,-1
13:05:54,10.4,249,259989,1
13:05:51,10.38,504,523152,-1
13:05:48,10.39,150,155850,1
13:05:45,10.38,1000,1038000,-1
13:05:42,10.39,359,373001,1
13:05:39,10.38,105,108990,-1
13:05:36,10.39,125,129875,1
13:05:33,10.38,100,103800,-1
13:05:30,10.38,87,90306,-1
13:05:27,10.38,131,135978,1
13:05:24,10.39,164,170396,1
13:05:21,10.38,524,543912,1
13:05:18,10.38,219,227322,1
13:05:15,10.38,66,68508,1
13:05:12,10.37,106,109921,-1
13:05:09,10.37,218,226065,-1
13:05:06,10.38,455,472290,1
13:05:03,10.38,2,2076,0
13:05:00,10.37,166,172142,-1
13:04:57,10.38,731,759784,1
13:04:54,10.38,568,589584,1
13:04:51,10.37,1,1037,0
13:04:48,10.37,383,397170,-1
13:04:45,10.37,42,43554,-1
13:04:42,10.37,11,11407,-1
13:04:39,10.37,115,119254,-1
13:04:36,10.36,240,248640,-1
13:04:33,10.37,496,514351,1
13:04:30,10.37,104,107847,1
13:04:27,10.37,117,121328,1
13:04:24,10.37,61,63256,-1
13:04:21,10.37,41,42517,1
13:04:18,10.37,12,12443,1
13:04:15,10.36,129,133644,-1
13:04:12,10.38,29,30102,1
13:04:09,10.36,7,7252,-1
13:04:06,10.37,337,349479,-1
13:04:03,10.37,30,31109,-1
13:04:00,10.37,144,150354,1
13:03:57,10.36,253,262108,1
13:03:54,10.36,24,24864,1
13:03:51,10.35,31,32085,-1
13:03:48,10.35,130,134550,-1
13:03:42,10.36,109,112924,1
13:03:39,10.36,118,122248,-1
13:03:36,10.36,84,87024,-1
13:03:33,10.35,1005,1041178,-1
13:03:27,10.36,15,15540,-1
13:03:24,10.36,9,9324,-1
13:03:21,10.36,210,217560,1
13:03:18,10.35,50,51750,-1
13:03:15,10.36,19,19684,1
13:03:12,10.35,5,5175,-1
13:03:09,10.36,103,106708,1
13:03:06,10.35,160,165600,1
13:03:03,10.35,17,17595,1
13:03:00,10.35,379,392265,1
13:02:57,10.35,178,184230,-1
13:02:54,10.36,150,155400,-1
13:02:51,10.36,5,5180,0
13:02:48,10.37,532,551684,1
13:02:45,10.36,260,269360,1
13:02:42,10.36,245,253820,1
13:02:36,10.36,147,152292,1
13:02:33,10.36,227,235172,-1
13:02:30,10.37,3,3110,1
13:02:24,10.36,39,40404,-1
13:02:21,10.37,41,42517,-1
13:02:18,10.38,185,192030,1
13:02:15,10.38,284,294792,1
13:02:12,10.38,20,20760,1
13:02:09,10.38,27,28026,1
13:02:06,10.38,174,180632,-1
13:02:03,10.38,82,86133,1
13:02:00,10.37,507,525759,-1
13:01:57,10.38,583,605154,1
13:01:54,10.38,18,18684,1
13:01:51,10.36,142,147112,-1
13:01:48,10.37,205,212584,-1
13:01:45,10.38,2547,2643786,1
13:01:42,10.38,160,166080,1
13:01:39,10.37,121,125476,1
13:01:36,10.37,418,433465,1
13:01:33,10.38,610,633180,1
13:01:30,10.38,22,22836,1
13:01:27,10.37,169,175253,-1
13:01:24,10.38,30,31140,1
13:01:21,10.38,660,685080,-1
13:01:18,10.39,67,69613,1
13:01:15,10.38,305,316590,-1
13:01:12,10.39,539,560021,1
13:01:09,10.39,134,139226,1
13:01:06,10.39,283,294037,1
13:01:03,10.39,95,98705,1
13:01:00,10.39,235,244165,1
13:00:57,10.39,124,128836,1
13:00:54,10.38,273,283374,-1
13:00:51,10.39,156,162084,1
13:00:48,10.39,196,203644,1
13:00:45,10.38,58,60204,-1
13:00:42,10.39,86,89354,1
13:00:39,10.38,269,279222,1
13:00:36,10.38,243,252234,-1
13:00:33,10.38,168,174384,-1
13:00:30,10.39,348,361572,1
13:00:27,10.38,816,847008,1
13:00:24,10.38,111,115218,1
13:00:21,10.36,717,742812,-1
13:00:18,10.38,293,304134,1
13:00:15,10.38,122,126636,1
13:00:12,10.35,1323,1370195,-1
13:00:09,10.35,1060,1097100,-1
13:00:06,10.37,6695,6942932,1
13:00:03,10.34,732,756888,-1
11:30:03,10.35,516,534060,1
11:29:57,10.33,50,51650,-1
11:29:54,10.33,69,71277,-1
11:29:51,10.33,190,196270,-1
11:29:48,10.33,101,104333,-1
11:29:45,10.34,38,39292,1
11:29:42,10.34,9,9306,1
11:29:39,10.33,37,38221,-1
11:29:36,10.33,29,29957,-1
11:29:33,10.33,348,359484,-1
11:29:30,10.34,137,141658,1
11:29:27,10.34,108,111672,1
11:29:24,10.34,113,116842,1
11:29:21,10.34,494,510796,1
11:29:18,10.34,226,233684,1
11:29:15,10.34,328,339152,0
11:29:12,10.35,148,153180,1
11:29:09,10.34,88,90992,1
11:29:06,10.34,27,27918,1
11:29:03,10.34,275,284350,-1
11:29:00,10.35,393,406755,1
11:28:57,10.34,11,11374,-1
11:28:54,10.34,343,354662,-1
11:28:51,10.34,49,50666,-1
11:28:45,10.34,159,164406,-1
11:28:42,10.34,191,197494,-1
11:28:39,10.34,144,148896,-1
11:28:36,10.35,86,89010,1
11:28:33,10.34,334,345356,1
11:28:30,10.35,71,74416,1
11:28:27,10.35,21,21735,1
11:28:24,10.34,178,184052,-1
11:28:21,10.34,198,204732,-1
11:28:18,10.35,88,91080,1
11:28:15,10.35,357,369495,1
11:28:12,10.35,534,552690,1
11:28:09,10.34,40,41360,-1
11:28:06,10.35,60,62100,1
11:28:03,10.35,93,96255,1
11:28:00,10.34,15,15510,-1
11:27:57,10.34,314,324676,-1
11:27:54,10.35,35,36225,1
11:27:51,10.35,71,73485,1
11:27:48,10.34,10,10340,-1
11:27:45,10.35,37,38295,1
11:27:42,10.35,212,219420,1
11:27:39,10.34,53,54802,-1
11:27:36,10.35,55,56925,1
11:27:33,10.35,16,16560,1
11:27:30,10.35,11,11395,-1
11:27:27,10.35,38,39330,-1
11:27:24,10.35,6,6210,-1
11:27:21,10.35,239,247365,-1
11:27:18,10.35,80,82800,-1
11:27:15,10.35,238,246330,-1
11:27:12,10.36,215,222740,1
11:27:09,10.35,131,135585,-1
11:27:06,10.35,195,201825,-1
11:27:03,10.35,126,131434,1
11:27:00,10.35,150,155250,1
11:26:57,10.35,335,346725,-1
11:26:54,10.35,261,270135,1
11:26:51,10.35,169,174915,-1
11:26:48,10.36,219,226884,1
11:26:45,10.36,83,85988,1
11:26:42,10.35,55,56925,-1
11:26:39,10.36,237,245532,1
11:26:36,10.36,108,111888,1
11:26:33,10.35,201,208035,-1
11:26:30,10.35,120,124200,-1
11:26:27,10.36,197,204092,1
11:26:24,10.35,13,13455,0
11:26:21,10.36,950,984200,1
11:26:18,10.35,1,1035,-1
11:26:15,10.35,20,20700,-1
11:26:12,10.36,1,1036,1
11:26:09,10.36,673,697331,1
11:26:06,10.34,83,85822,-1
11:26:03,10.35,118,122130,1
11:26:00,10.34,32,33088,-1
11:25:57,10.34,107,110638,-1
11:25:54,10.34,34,35156,-1
11:25:51,10.34,131,135454,-1
11:25:48,10.35,615,636525,1
11:25:45,10.34,143,147862,0
11:25:42,10.34,100,103400,0
11:25:39,10.35,1086,1124010,1
11:25:36,10.34,76,78584,1
11:25:33,10.33,86,88838,-1
11:25:30,10.33,615,635295,-1
11:25:27,10.34,104,107536,1
11:25:24,10.33,116,119828,1
11:25:21,10.33,40,41320,1
11:25:18,10.32,86,88752,-1
11:25:15,10.34,144,148896,1
11:25:12,10.32,27,27864,-1
11:25:09,10.32,10,10320,-1
11:25:06,10.32,251,259032,-1
11:25:03,10.32,29,29928,1
11:24:57,10.32,10,10320,1
11:24:54,10.33,322,332626,-1
11:24:51,10.33,30,30990,-1
11:24:48,10.34,85,87890,1
11:24:45,10.34,142,146828,1
11:24:42,10.32,294,303408,-1
11:24:39,10.33,127,132213,-1
11:24:36,10.34,47,48598,1
11:24:33,10.32,64,66048,-1
11:24:30,10.33,1,1033,1
11:24:27,10.33,32,33056,1
11:24:24,10.32,373,384936,1
11:24:21,10.32,13,13416,1
11:24:18,10.33,145,149785,1
11:24:15,10.32,406,419714,-1
11:24:12,10.33,72,74376,1
11:24:09,10.33,10,10330,1
11:24:06,10.33,28,28924,1
11:24:03,10.33,99,102267,1
11:24:00,10.32,328,338496,-1
11:23:57,10.33,11,11363,1
11:23:54,10.32,180,186761,-1
11:23:51,10.32,118,121776,-1
11:23:48,10.32,84,86688,-1
11:23:45,10.32,5,5160,-1
11:23:42,10.32,113,116956,1
11:23:39,10.31,4,4124,1
11:23:36,10.31,169,174929,-1
11:23:33,10.31,345,355695,-1
11:23:30,10.31,224,230944,-1
11:23:27,10.32,7,7224,1
11:23:24,10.31,21,21651,-1
11:23:21,10.31,672,693172,1
11:23:18,10.31,1239,1277409,1
11:23:15,10.31,99,102069,1
11:23:12,10.3,124,127720,-1
11:23:09,10.3,9,9270,-1
11:23:06,10.31,34,35054,1
11:23:00,10.31,14,14434,1
11:22:57,10.31,21,21651,1
11:22:54,10.31,259,267029,-1
11:22:51,10.31,53,54643,-1
11:22:48,10.31,38,39178,-1
11:22:45,10.31,120,123720,-1
11:22:42,10.32,66,68112,1
11:22:39,10.31,101,104131,-1
11:22:36,10.32,115,118680,1
11:22:30,10.32,16,16512,1
11:22:27,10.32,5,5160,1
11:22:24,10.31,16,16496,-1
11:22:21,10.32,33,34056,1
11:22:18,10.32,23,23736,-1
11:22:15,10.33,36,37188,1
11:22:12,10.33,44,45452,1
11:22:09,10.32,88,90981,-1
11:22:06,10.32,339,349848,-1
11:22:03,10.33,106,109498,1
11:22:00,10.33,146,150818,1
11:21:57,10.33,667,689011,1
11:21:54,10.33,95,98135,1
11:21:51,10.33,74,76442,1
11:21:48,10.33,147,151851,1
11:21:45,10.32,61,62952,-1
11:21:42,10.33,117,120861,1
11:21:39,10.33,49,50617,1
11:21:36,10.33,62,64046,1
11:21:33,10.32,47,48504,-1
11:21:30,10.33,2,2066,1
11:21:27,10.32,41,43178,-1
11:21:24,10.33,143,147719,-1
11:21:21,10.35,48,49680,1
11:21:18,10.32,34,35088,-1
11:21:15,10.32,53,54696,-1
11:21:12,10.32,72,74304,-1
11:21:09,10.32,115,118680,-1
11:21:06,10.34,18,18612,1
11:21:03,10.32,31,31992,-1
11:21:00,10.32,746,769872,-1
11:20:57,10.34,163,168542,1
11:20:54,10.3,526,541780,-1
11:20:51,10.32,83,85656,1
11:20:48,10.32,196,202272,1
11:20:45,10.32,127,131064,1
11:20:42,10.31,343,353633,1
11:20:39,10.3,285,293550,-1
11:20:36,10.31,131,135061,1
11:20:33,10.31,202,208262,-1
11:20:27,10.32,255,263160,1
11:20:24,10.31,105,108255,1
11:20:21,10.3,105,108150,-1
11:20:18,10.31,82,84542,1
11:20:15,10.3,36,37080,-1
11:20:12,10.3,87,90609,1
11:20:09,10.3,97,99940,-1
11:20:06,10.31,296,306176,1
11:20:03,10.29,293,301527,-1
11:20:00,10.3,99,101970,-1
11:19:57,10.3,263,270890,-1
11:19:54,10.31,126,129906,1
11:19:51,10.3,41,42230,-1
11:19:48,10.3,64,65920,-1
11:19:45,10.3,154,159619,-1
11:19:42,10.3,398,409940,-1
11:19:39,10.31,77,79387,1
11:19:36,10.31,98,101038,1
11:19:33,10.3,325,334750,-1
11:19:30,10.31,215,221665,1
11:19:27,10.3,171,176130,-1
11:19:24,10.3,253,260590,-1
11:19:21,10.3,135,139050,-1
11:19:18,10.31,205,211355,1
11:19:15,10.31,500,515500,1
11:19:12,10.3,38,39140,-1
11:19:09,10.31,12,12372,1
11:19:06,10.31,543,559833,1
11:19:03,10.31,100,103100,-1
11:19:00,10.31,93,95883,-1
11:18:57,10.31,65,67015,-1
11:18:54,10.31,150,154650,-1
11:18:51,10.31,394,406214,-1
11:18:48,10.31,185,190735,-1
11:18:45,10.3,180,185400,-1
11:18:42,10.31,693,714483,-1
11:18:39,10.31,3152,3249712,-1
11:18:36,10.31,104,107224,-1
11:18:33,10.31,121,124751,1
11:18:30,10.31,133,137123,1
11:18:27,10.3,183,188490,-1
11:18:24,10.31,971,1001101,1
11:18:21,10.31,91,93821,1
11:18:18,10.31,378,389718,-1
11:18:15,10.31,250,257750,-1
11:18:12,10.32,48,49536,1
11:18:09,10.32,131,135192,1
11:18:06,10.32,497,512904,-1
11:18:03,10.33,73,75409,1
11:18:00,10.33,20,20660,1
11:17:57,10.33,11,11363,1
11:17:54,10.33,266,274778,-1
11:17:51,10.34,159,164406,0
11:17:48,10.33,153,158049,-1
11:17:45,10.35,221,228735,1
11:17:42,10.35,26,26910,1
11:17:39,10.35,364,376740,-1
11:17:36,10.37,20,20740,0
11:17:33,10.38,538,558444,1
11:17:30,10.37,16,16592,-1
11:17:27,10.38,517,536646,1
11:17:24,10.38,118,122484,1
11:17:21,10.38,213,221094,1
11:17:18,10.38,366,379908,1
11:17:15,10.37,218,226065,-1
11:17:12,10.38,57,59166,1
11:17:09,10.37,139,144143,-1
11:17:06,10.37,441,457316,-1
11:17:03,10.37,38,39406,-1
11:17:00,10.38,63,65394,1
11:16:57,10.37,1,1037,-1
11:16:54,10.38,177,183726,1
11:16:51,10.38,111,115218,1
11:16:48,10.38,119,123522,-1
11:16:45,10.38,274,284412,-1
11:16:42,10.38,19,19722,-1
11:16:39,10.38,527,547026,-1
11:16:36,10.38,121,125598,-1
11:16:33,10.39,209,217151,1
11:16:30,10.39,9,9351,1
11:16:27,10.39,103,107017,1
11:16:24,10.4,190,197600,1
11:16:21,10.39,588,610932,-1
11:16:18,10.39,62,64418,-1
11:16:15,10.4,157,163280,1
11:16:12,10.39,17,17663,-1
11:16:09,10.4,14,14560,1
11:16:06,10.4,69,71760,1
11:16:03,10.4,2049,2130960,-1
11:16:00,10.4,59,61360,-1
11:15:57,10.4,402,418080,-1
11:15:54,10.4,87,90480,-1
11:15:51,10.4,622,646880,-1
11:15:48,10.4,812,844480,-1
11:15:45,10.4,196,203840,-1
11:15:42,10.41,323,336243,1
11:15:39,10.41,258,268578,1
11:15:36,10.41,1701,1770741,1
11:15:33,10.4,510,530400,-1
11:15:30,10.4,481,500240,-1
11:15:27,10.41,377,392457,1
11:15:24,10.41,46,47886,1
11:15:21,10.4,85,88400,-1
11:15:18,10.41,127,132217,-1
11:15:15,10.41,213,221733,-1
11:15:12,10.41,425,442425,-1
11:15:09,10.41,220,230050,-1
11:15:06,10.41,506,526746,-1
11:15:03,10.41,80,83280,-1
11:15:00,10.41,448,466368,-1
11:14:57,10.42,20,20840,1
11:14:54,10.41,286,297726,-1
11:14:51,10.41,126,131166,-1
11:14:48,10.42,109,113578,1
11:14:45,10.42,937,976354,1
11:14:42,10.42,377,392834,1
11:14:39,10.42,251,261542,1
11:14:36,10.41,620,645420,-1
11:14:33,10.42,1103,1149326,1
11:14:30,10.42,190,197980,1
11:14:27,10.42,296,308432,1
11:14:24,10.42,133,138586,-1
11:14:21,10.42,176,183392,1
11:14:18,10.42,222,231324,-1
11:14:15,10.42,41,42722,-1
11:14:12,10.42,176,183392,1
11:14:09,10.42,279,290718,1
11:14:06,10.42,243,253206,1
11:14:03,10.41,332,345612,-1
11:14:00,10.42,87,90654,1
11:13:57,10.41,291,303670,-1
11:13:54,10.43,180,188042,1
11:13:51,10.42,767,799214,1
11:13:48,10.42,116,120872,1
11:13:45,10.42,285,296970,1
11:13:42,10.42,150,156300,1
11:13:39,10.42,1358,1415775,-1
11:13:36,10.44,450,469800,1
11:13:33,10.43,131,136633,-1
11:13:30,10.43,9,9387,-1
11:13:27,10.43,12,12516,-1
11:13:24,10.43,448,467566,1
11:13:21,10.43,584,609112,1
11:13:18,10.42,121,126082,-1
11:13:15,10.42,98,102116,-1
11:13:12,10.42,91,94822,-1
11:13:09,10.42,254,264668,-1
11:13:06,10.42,434,452228,1
11:13:03,10.42,260,270920,1
11:13:00,10.41,113,117633,-1
11:12:57,10.41,1433,1492471,1
11:12:54,10.41,74,77034,1
11:12:51,10.41,119,123879,1
11:12:48,10.41,497,517377,1
11:12:45,10.41,312,324792,1
11:12:42,10.41,3025,3149347,-1
11:12:39,10.44,30,31320,1
11:12:36,10.44,208,218185,1
11:12:33,10.43,2146,2238278,1
11:12:30,10.42,66,68772,1
11:12:27,10.42,2101,2189242,-1
11:12:24,10.44,169,176436,1
11:12:21,10.43,3180,3316740,-1
11:12:18,10.44,72,75168,1
11:12:15,10.43,2063,2151709,1
11:12:12,10.41,497,518105,-1
11:12:09,10.42,59,61478,1
11:12:06,10.42,302,314684,1
11:12:03,10.42,400,416800,1
11:12:00,10.42,133,138586,1
11:11:57,10.41,147,153027,-1
11:11:54,10.41,750,781051,-1
11:11:51,10.43,414,431802,1
11:11:48,10.42,130,135460,-1
11:11:45,10.42,911,949262,-1
11:11:42,10.42,117,121914,-1
11:11:39,10.42,962,1003143,1
11:11:36,10.42,1084,1129528,1
11:11:33,10.41,357,371637,-1
11:11:30,10.42,422,439724,1
11:11:27,10.41,75,78075,-1
11:11:24,10.42,302,314684,1
11:11:21,10.42,64,66688,1
11:11:18,10.42,169,176098,1
11:11:15,10.42,961,1001362,-1
11:11:12,10.42,425,442850,0
11:11:09,10.41,282,293562,-1
11:11:06,10.41,62,64542,-1
11:11:03,10.42,122,127124,1
11:11:00,10.42,139,144838,1
11:10:57,10.42,279,290718,-1
11:10:54,10.42,270,281340,-1
11:10:51,10.43,577,601811,1
11:10:48,10.43,354,369222,1
11:10:45,10.43,343,357749,1
11:10:42,10.43,71,74053,1
11:10:39,10.42,60,62520,-1
11:10:36,10.42,296,308432,-1
11:10:33,10.43,256,267008,-1
11:10:30,10.44,176,183744,1
11:10:27,10.43,129,134547,1
11:10:24,10.43,205,213815,1
11:10:21,10.42,688,716896,1
11:10:18,10.41,601,625641,-1
11:10:15,10.43,215,224245,1
11:10:12,10.43,196,204428,1
11:10:09,10.43,209,217987,1
11:10:06,10.42,556,579352,0
11:10:03,10.43,312,325416,-1
11:10:00,10.44,1064,1110816,0
11:09:57,10.45,314,328130,1
11:09:54,10.42,53,55226,0
11:09:51,10.45,954,996929,1
11:09:48,10.45,544,568480,0
11:09:45,10.46,937,980102,1
11:09:42,10.45,952,994839,1
11:09:39,10.45,2442,2551890,-1
11:09:36,10.47,1278,1338066,1
11:09:33,10.47,1566,1639602,1
11:09:30,10.47,1409,1475223,1
11:09:27,10.47,1348,1411356,1
11:09:24,10.47,893,934971,-1
11:09:21,10.48,1949,2042552,1
11:09:18,10.46,487,509402,-1
11:09:15,10.47,455,476385,-1
11:09:12,10.47,1211,1268901,1
11:09:09,10.46,1208,1263568,1
11:09:06,10.45,3639,3802754,1
11:09:03,10.45,2108,2202860,1
11:09:00,10.45,448,468159,1
11:08:57,10.43,497,518371,0
11:08:54,10.41,978,1018098,-1
11:08:51,10.44,1279,1335276,1
11:08:48,10.43,2335,2435405,1
11:08:45,10.39,5079,5277081,-1
11:08:42,10.4,3802,3954080,1
11:08:39,10.39,338,351182,1
11:08:36,10.39,852,885228,1
11:08:33,10.38,247,256386,0
11:08:30,10.39,1010,1049390,1
11:08:27,10.34,923,954382,-1
11:08:24,10.35,9364,9691740,1
11:08:21,10.34,463,478742,1
11:08:18,10.34,45,46530,1
11:08:15,10.34,123,128174,1
11:08:12,10.33,3636,3756959,1
11:08:09,10.32,75,77400,1
11:08:06,10.32,757,781224,1
11:08:03,10.31,647,667057,1
11:08:00,10.31,360,371160,1
11:07:57,10.3,88,90640,-1
11:07:54,10.3,854,880268,-1
11:07:51,10.3,2172,2237160,1
11:07:48,10.3,183,188490,1
11:07:45,10.29,67,68943,-1
11:07:42,10.29,769,791300,1
11:07:39,10.29,471,484658,1
11:07:36,10.28,52,53456,-1
11:07:33,10.28,76,78128,-1
11:07:30,10.28,332,341296,1
11:07:27,10.27,257,263939,-1
11:07:24,10.28,245,251859,1
11:07:21,10.27,64,65728,-1
11:07:18,10.28,112,115136,1
11:07:15,10.28,129,132612,1
11:07:12,10.28,740,760720,1
11:07:09,10.28,77,79156,1
11:07:06,10.28,49,50372,1
11:07:03,10.27,297,305019,0
11:07:00,10.26,46,47196,-1
11:06:57,10.28,79,81212,1
11:06:54,10.27,191,197101,1
11:06:51,10.25,3100,3177500,-1
11:06:48,10.27,314,322478,1
11:06:45,10.26,83,85158,-1
11:06:42,10.26,260,266760,-1
11:06:39,10.27,140,143780,1
11:06:36,10.27,437,448799,1
11:06:33,10.26,947,971622,1
11:06:30,10.24,744,761856,-1
11:06:27,10.27,1017,1044459,1
11:06:24,10.26,899,922374,1
11:06:21,10.25,505,517625,-1
11:06:18,10.25,173,177325,-1
11:06:15,10.25,2,2050,-1
11:06:09,10.26,9,9234,1
11:06:06,10.26,167,171342,-1
11:06:03,10.29,1686,1734893,1
11:06:00,10.28,190,195320,1
11:05:57,10.28,2,2056,1
11:05:54,10.28,49,50372,-1
11:05:51,10.28,9,9252,-1
11:05:48,10.29,241,247988,1
11:05:45,10.29,78,80262,1
11:05:42,10.29,401,412628,-1
11:05:39,10.29,374,384845,-1
11:05:36,10.29,10,10290,-1
11:05:33,10.3,100,103000,1
11:05:30,10.29,12,12347,-1
11:05:27,10.3,68,70761,-1
11:05:24,10.3,367,378010,-1
11:05:21,10.3,618,636540,-1
11:05:18,10.3,604,622120,-1
11:05:15,10.3,74,76220,-1
11:05:12,10.3,31,31930,-1
11:05:09,10.31,187,193106,1
11:05:06,10.31,86,88666,1
11:05:03,10.31,667,687759,-1
11:05:00,10.31,47,48457,-1
11:04:57,10.32,84,86688,1
11:04:54,10.32,63,65016,1
11:04:51,10.32,104,107328,1
11:04:48,10.32,166,171312,-1
11:04:45,10.32,166,171312,-1
11:04:42,10.32,136,140352,-1
11:04:39,10.32,57,58824,-1
11:04:36,10.31,85,87635,-1
11:04:33,10.32,241,248712,1
11:04:30,10.32,24,24768,1
11:04:27,10.32,316,326112,-1
11:04:24,10.33,232,239656,1
11:04:21,10.32,74,76368,1
11:04:18,10.31,54,55674,-1
11:04:15,10.33,115,118795,1
11:04:12,10.33,280,289240,-1
11:04:09,10.33,428,442124,1
11:04:06,10.32,25,25800,-1
11:04:03,10.31,137,141247,-1
11:04:00,10.32,26,26832,-1
11:03:57,10.32,162,168133,1
11:03:54,10.32,53,54696,1
11:03:51,10.32,295,304440,1
11:03:48,10.31,472,486714,-1
11:03:45,10.33,198,204534,-1
11:03:42,10.33,419,433777,1
11:03:39,10.32,495,510840,-1
11:03:36,10.33,161,166313,1
11:03:33,10.32,61,62952,-1
11:03:30,10.32,110,113520,1
11:03:27,10.32,12,12384,0
11:03:24,10.33,274,283042,1
11:03:21,10.32,70,72240,-1
11:03:18,10.33,67,69211,1
11:03:15,10.32,194,200208,1
11:03:12,10.32,560,577920,-1
11:03:09,10.32,345,356040,1
11:03:06,10.31,94,96914,-1
11:03:03,10.31,657,677367,-1
11:03:00,10.31,81,83511,-1
11:02:57,10.31,2004,2066124,-1
11:02:54,10.31,31,31961,-1
11:02:51,10.32,381,393192,1
11:02:48,10.31,109,112379,-1
11:02:45,10.31,56,57736,-1
11:02:42,10.32,538,555216,1
11:02:39,10.32,229,236328,0
11:02:36,10.33,520,537160,1
11:02:33,10.32,660,681120,-1
11:02:30,10.32,512,528384,-1
11:02:27,10.33,176,181808,1
11:02:24,10.32,266,274512,-1
11:02:21,10.32,104,107328,-1
11:02:18,10.33,106,109498,1
11:02:15,10.32,198,204336,1
11:02:12,10.31,28,28868,-1
11:02:09,10.33,129,133257,1
11:02:06,10.33,1006,1039198,1
11:02:03,10.32,248,255936,1
11:02:00,10.33,198,204534,1
11:01:57,10.33,842,869786,1
11:01:54,10.33,149,153917,-1
11:01:51,10.33,354,365682,-1
11:01:48,10.33,190,196270,-1
11:01:45,10.34,497,513898,1
11:01:42,10.33,52,53716,-1
11:01:39,10.33,284,293372,-1
11:01:36,10.33,490,506170,-1
11:01:33,10.33,404,417332,0
11:01:30,10.34,296,306064,1
11:01:27,10.32,366,377712,-1
11:01:24,10.33,96,99168,1
11:01:21,10.32,305,314760,-1
11:01:18,10.32,127,131064,-1
11:01:15,10.32,1677,1730664,-1
11:01:12,10.33,237,244821,0
11:01:09,10.34,233,240922,1
11:01:06,10.33,70,72310,1
11:01:03,10.34,138,142692,1
11:01:00,10.35,214,221490,1
11:00:57,10.34,904,934736,1
11:00:54,10.34,227,234718,1
11:00:51,10.34,119,123480,-1
11:00:48,10.35,485,501975,1
11:00:45,10.35,547,566145,1
11:00:42,10.34,839,868125,-1
11:00:39,10.35,1488,1540080,1
11:00:36,10.35,456,471960,1
11:00:33,10.34,1526,1578070,-1
11:00:30,10.36,54,55944,1
11:00:27,10.35,741,766935,-1
11:00:24,10.36,163,168868,1
11:00:21,10.36,448,464128,1
11:00:18,10.35,330,341550,-1
11:00:15,10.35,288,298928,1
11:00:12,10.35,567,586845,1
11:00:09,10.35,1343,1390005,1
11:00:06,10.34,702,725868,-1
11:00:03,10.35,410,424350,1
11:00:00,10.34,392,405328,1
10:59:57,10.34,648,670032,1
10:59:54,10.34,518,535612,1
10:59:51,10.34,37,38258,1
10:59:48,10.33,299,308897,-1
10:59:45,10.34,297,308100,1
10:59:42,10.33,208,214864,1
10:59:39,10.33,832,859456,1
10:59:36,10.33,778,804314,1
10:59:33,10.32,173,178536,1
10:59:30,10.31,143,147433,0
10:59:27,10.3,271,279130,0
10:59:24,10.29,364,374555,-1
10:59:21,10.3,348,358440,1
10:59:18,10.3,511,526330,1
10:59:15,10.28,398,409144,-1
10:59:12,10.28,111,114108,-1
10:59:09,10.28,1361,1400084,1
10:59:06,10.25,177,181425,1
10:59:03,10.25,133,136325,1
10:59:00,10.25,1584,1623600,1
10:58:57,10.24,723,740352,1
10:58:54,10.24,769,787456,1
10:58:51,10.24,1228,1257472,-1
10:58:48,10.25,2046,2097150,1
10:58:45,10.24,792,811008,-1
10:58:42,10.24,1165,1192960,1
10:58:39,10.24,1151,1178624,-1
10:58:36,10.24,92,94208,1
10:58:33,10.24,235,240640,-1
10:58:30,10.25,147,150675,1
10:58:27,10.23,84,85932,-1
10:58:24,10.23,463,473649,-1
10:58:21,10.23,385,393855,-1
10:58:18,10.25,1035,1060875,1
10:58:15,10.24,331,338944,1
10:58:12,10.23,114,116622,-1
10:58:09,10.24,521,533504,1
10:58:06,10.23,305,312015,-1
10:58:03,10.23,64,65472,-1
10:58:00,10.24,599,613376,1
10:57:57,10.23,124,126852,-1
10:57:54,10.24,255,261120,1
10:57:51,10.24,688,704512,1
10:57:48,10.23,54,55242,-1
10:57:45,10.23,95,97185,-1
10:57:42,10.25,161,165025,1
10:57:39,10.24,240,245760,-1
10:57:36,10.25,240,246000,1
10:57:33,10.25,84,86100,1
10:57:30,10.24,131,134144,-1
10:57:27,10.24,698,714752,-1
10:57:24,10.25,134,137350,-1
10:57:21,10.26,85,87210,1
10:57:18,10.26,130,133380,1
10:57:15,10.26,249,255474,-1
10:57:12,10.26,270,277020,-1
10:57:09,10.26,72,73872,-1
10:57:06,10.27,30,30810,1
10:57:03,10.26,126,129276,-1
10:57:00,10.26,258,264708,-1
10:56:57,10.28,232,238495,1
10:56:54,10.28,220,226160,1
10:56:51,10.27,256,262912,-1
10:56:48,10.27,219,224913,-1
10:56:45,10.27,187,192049,-1
10:56:42,10.28,251,258027,-1
10:56:39,10.29,92,94667,1
10:56:36,10.29,475,488774,1
10:56:33,10.29,345,355004,-1
10:56:30,10.3,303,312090,1
10:56:27,10.29,82,84378,-1
10:56:24,10.3,2503,2578141,-1
10:56:21,10.31,579,596949,-1
10:56:18,10.32,309,318888,1
10:56:15,10.32,113,116616,1
10:56:12,10.32,90,92880,1
10:56:09,10.32,855,882793,-1
10:56:06,10.33,270,278910,1
10:56:03,10.32,353,364296,-1
10:56:00,10.32,60,61920,-1
10:55:57,10.33,158,163214,1
10:55:54,10.33,120,123960,1
10:55:51,10.33,562,580546,-1
10:55:48,10.33,401,414233,-1
10:55:45,10.33,372,384276,-1
10:55:42,10.33,116,119828,-1
10:55:39,10.33,93,96069,-1
10:55:36,10.33,1267,1308811,1
10:55:33,10.33,240,247920,1
10:55:30,10.33,48,49584,1
10:55:27,10.32,51,52632,-1
10:55:24,10.33,63,65079,1
10:55:21,10.32,669,690408,-1
10:55:18,10.33,531,548523,-1
10:55:15,10.34,18,18612,1
10:55:12,10.33,3,3099,-1
10:55:09,10.34,150,155100,1
10:55:06,10.34,269,278146,1
10:55:03,10.33,90,92970,1
10:55:00,10.33,721,745164,-1
10:54:57,10.34,253,262222,-1
10:54:54,10.34,413,427042,-1
10:54:51,10.35,1921,1988235,1
10:54:48,10.34,157,162338,-1
10:54:45,10.34,148,153032,-1
10:54:42,10.34,125,129250,-1
10:54:39,10.34,302,312268,-1
10:54:36,10.34,252,260568,-1
10:54:33,10.34,757,782738,-1
10:54:30,10.35,276,285660,1
10:54:27,10.34,444,459096,-1
10:54:24,10.34,1014,1048889,1
10:54:21,10.33,470,485510,-1
10:54:18,10.33,403,416299,-1
10:54:15,10.33,723,746859,-1
10:54:12,10.34,102,105468,1
10:54:09,10.33,393,405969,-1
10:54:06,10.34,601,621434,1
10:54:03,10.33,435,449355,-1
10:54:00,10.34,261,269874,1
10:53:57,10.33,690,712770,-1
10:53:54,10.33,180,185940,-1
10:53:51,10.33,195,201435,-1
10:53:48,10.34,535,553190,1
10:53:45,10.33,77,79541,-1
10:53:42,10.33,118,121894,-1
10:53:39,10.33,1303,1346660,1
10:53:36,10.33,839,867286,1
10:53:33,10.31,352,362912,-1
10:53:30,10.31,1237,1275347,-1
10:53:27,10.31,497,512407,-1
10:53:24,10.31,173,178363,-1
10:53:21,10.32,173,178536,1
10:53:18,10.32,34,35088,1
10:53:15,10.32,1016,1048512,1
10:53:12,10.32,180,185760,1
10:53:09,10.32,265,273480,1
10:53:06,10.32,403,415896,1
10:53:03,10.32,246,253872,-1
10:53:00,10.32,651,671832,-1
10:52:57,10.32,681,702792,-1
10:52:54,10.32,251,259032,-1
10:52:51,10.32,156,160992,-1
10:52:48,10.33,225,232425,1
10:52:45,10.32,1131,1167192,-1
10:52:42,10.32,782,807024,-1
10:52:39,10.32,996,1027872,1
10:52:36,10.31,195,201045,-1
10:52:33,10.31,209,215479,-1
10:52:30,10.32,304,313728,1
10:52:27,10.32,222,229104,1
10:52:24,10.31,359,370129,-1
10:52:21,10.32,790,815280,1
10:52:18,10.31,1407,1450617,1
10:52:15,10.3,405,417150,-1
10:52:12,10.3,185,190550,-1
10:52:09,10.31,243,250533,1
10:52:06,10.3,301,310030,-1
10:52:03,10.31,378,389718,1
10:52:00,10.31,426,439206,1
10:51:57,10.31,98,101038,1
10:51:54,10.31,199,205169,-1
10:51:51,10.32,554,571728,1
10:51:48,10.31,590,608290,-1
10:51:45,10.31,490,505190,-1
10:51:42,10.32,433,446856,1
10:51:39,10.32,316,326112,1
10:51:36,10.32,209,215688,-1
10:51:33,10.33,169,174577,1
10:51:30,10.33,79,81607,1
10:51:27,10.32,119,122869,-1
10:51:24,10.33,269,277877,-1
10:51:21,10.34,465,480810,1
10:51:18,10.33,309,319197,-1
10:51:15,10.34,274,283316,1
10:51:12,10.33,504,521603,-1
10:51:09,10.34,94,97196,-1
10:51:06,10.34,1687,1744358,-1
10:51:03,10.35,176,182160,-1
10:51:00,10.36,280,290080,1
10:50:57,10.36,182,188552,1
10:50:54,10.36,109,112924,1
10:50:51,10.35,462,478170,-1
10:50:48,10.38,308,319704,1
10:50:45,10.38,705,731790,1
10:50:42,10.37,488,506055,1
10:50:39,10.36,313,324309,-1
10:50:36,10.38,632,656016,1
10:50:33,10.38,186,193068,1
10:50:30,10.38,892,925896,0
10:50:27,10.37,412,427243,-1
10:50:24,10.38,2516,2611608,1
10:50:21,10.38,2046,2123748,-1
10:50:18,10.39,1558,1618762,1
10:50:15,10.37,2605,2701986,-1
10:50:12,10.39,598,621322,-1
10:50:09,10.39,3048,3166872,1
10:50:06,10.39,4371,4541469,-1
10:50:03,10.39,441,458199,-1
10:50:00,10.4,632,657280,1
10:49:57,10.39,2441,2536199,1
10:49:54,10.38,1217,1263246,-1
10:49:51,10.39,865,898735,0
10:49:48,10.4,669,695760,1
10:49:45,10.39,1148,1193208,1
10:49:42,10.37,1526,1583063,-1
10:49:39,10.38,1752,1819011,1
10:49:36,10.38,741,769158,1
10:49:33,10.38,700,727596,1
10:49:30,10.38,409,424542,1
10:49:27,10.38,412,427656,1
10:49:24,10.36,1017,1053612,1
10:49:21,10.35,1930,1997550,0
10:49:18,10.36,2218,2297848,1
10:49:15,10.34,3836,3967199,-1
10:49:12,10.35,4493,4650255,1
10:49:09,10.35,1311,1356885,1
10:49:06,10.34,1159,1198406,1
10:49:03,10.33,979,1012298,1
10:49:00,10.33,842,869786,1
10:48:57,10.32,1407,1452024,-1
10:48:54,10.32,1541,1590312,1
10:48:51,10.31,816,842275,1
10:48:48,10.3,4316,4445480,1
10:48:45,10.3,2777,2860310,1
10:48:42,10.29,1284,1321236,-1
10:48:39,10.3,1135,1170069,1
10:48:36,10.29,564,580356,1
10:48:33,10.29,2240,2304960,1
10:48:30,10.28,745,765860,1
10:48:27,10.25,479,490975,-1
10:48:24,10.26,3975,4078596,1
10:48:21,10.25,372,381300,1
10:48:18,10.24,276,282624,-1
10:48:15,10.23,2,2046,0
10:48:12,10.25,4059,4160475,1
10:48:09,10.22,838,856436,1
10:48:06,10.2,604,616080,-1
10:48:03,10.21,716,731036,1
10:48:00,10.2,806,822120,1
10:47:57,10.2,516,526320,1
10:47:54,10.2,1669,1703379,1
10:47:51,10.18,556,566008,-1
10:47:48,10.18,421,428578,-1
10:47:45,10.19,313,318947,1
10:47:42,10.17,1417,1441089,-1
10:47:39,10.18,1387,1411966,1
10:47:36,10.18,408,415344,1
10:47:33,10.17,176,178992,-1
10:47:30,10.18,219,222942,1
10:47:27,10.16,225,228600,-1
10:47:24,10.17,111,112887,-1
10:47:21,10.17,92,93564,-1
10:47:18,10.17,327,332559,-1
10:47:15,10.18,20,20360,1
10:47:12,10.17,72,73224,-1
10:47:09,10.17,310,316266,1
10:47:06,10.17,14,14238,1
10:47:03,10.17,154,156618,1
10:47:00,10.16,54,54864,-1
10:46:57,10.17,2502,2544554,-1
10:46:54,10.17,126,128142,-1
10:46:51,10.18,84,85512,1
10:46:48,10.18,133,135394,1
10:46:45,10.17,409,415953,-1
10:46:42,10.17,39,39663,-1
10:46:39,10.18,160,162880,1
10:46:36,10.18,24,24432,1
10:46:33,10.18,80,81440,-1
10:46:30,10.18,905,921290,-1
10:46:27,10.19,226,230294,1
10:46:24,10.18,45,45810,-1
10:46:21,10.18,101,102818,-1
10:46:18,10.19,79,80501,1
10:46:15,10.19,83,84577,1
10:46:12,10.19,108,110052,-1
10:46:09,10.2,25,25500,1
10:46:06,10.2,1209,1233180,1
10:46:03,10.2,183,186660,1
10:46:00,10.2,91,92820,1
10:45:57,10.19,22,22418,-1
10:45:54,10.19,172,175268,-1
10:45:51,10.19,197,200743,-1
10:45:48,10.19,445,453455,1
10:45:45,10.18,237,241266,-1
10:45:42,10.19,133,135527,1
10:45:39,10.18,505,514090,-1
10:45:36,10.19,193,196667,1
10:45:33,10.18,695,707510,-1
10:45:30,10.18,162,164916,-1
10:45:27,10.18,280,285040,-1
10:45:24,10.19,150,152850,1
10:45:21,10.18,166,168988,-1
10:45:18,10.19,107,109033,1
10:45:15,10.18,132,134376,-1
10:45:12,10.19,238,242522,1
10:45:09,10.19,614,625666,1
10:45:06,10.19,182,185458,1
10:45:03,10.18,694,706492,-1
10:45:00,10.19,122,124318,1
10:44:57,10.18,394,401092,-1
10:44:54,10.18,253,257554,-1
10:44:51,10.19,124,126356,1
10:44:48,10.18,39,39702,1
10:44:45,10.17,399,405783,-1
10:44:42,10.18,860,876477,1
10:44:39,10.17,118,120006,-1
10:44:36,10.18,285,290130,1
10:44:33,10.18,56,57008,1
10:44:30,10.18,342,348156,1
10:44:27,10.18,280,285040,1
10:44:24,10.18,1550,1577900,-1
10:44:21,10.19,150,152850,1
10:44:18,10.19,126,128394,1
10:44:15,10.19,436,444284,1
10:44:12,10.18,60,61080,-1
10:44:09,10.19,344,350536,1
10:44:06,10.18,70,71260,-1
10:44:03,10.18,199,202582,1
10:44:00,10.18,99,100782,1
10:43:57,10.17,636,646812,-1
10:43:54,10.17,143,145431,-1
10:43:51,10.17,107,108819,-1
10:43:48,10.16,10,10160,-1
10:43:45,10.17,208,211536,-1
10:43:42,10.18,166,169995,1
10:43:39,10.16,160,162560,-1
10:43:36,10.16,324,329184,-1
10:43:33,10.17,293,297981,1
10:43:30,10.17,128,130176,1
10:43:27,10.17,108,109836,1
10:43:24,10.17,78,79326,-1
10:43:21,10.16,219,222504,-1
10:43:18,10.16,453,460248,-1
10:43:15,10.16,140,142240,-1
10:43:12,10.16,209,212344,-1
10:43:09,10.16,92,93472,-1
10:43:06,10.17,88,89496,1
10:43:03,10.16,167,169672,-1
10:43:00,10.16,93,94488,-1
10:42:57,10.16,129,131064,-1
10:42:54,10.16,185,187960,1
10:42:51,10.15,199,201985,-1
10:42:48,10.15,549,557235,-1
10:42:45,10.15,216,219240,-1
10:42:42,10.15,175,177625,-1
10:42:39,10.16,68,69088,1
10:42:36,10.16,609,618744,1
10:42:33,10.16,355,360680,0
10:42:30,10.17,554,563418,1
10:42:27,10.16,130,132080,-1
10:42:24,10.17,129,131193,1
10:42:21,10.17,429,436293,1
10:42:18,10.17,232,235944,1
10:42:15,10.16,645,655320,-1
10:42:12,10.17,229,232893,1
10:42:09,10.16,176,178816,-1
10:42:06,10.16,113,114808,-1
10:42:03,10.16,693,704088,0
10:42:00,10.15,236,239540,-1
10:41:57,10.15,334,339010,-1
10:41:54,10.17,5142,5229414,1
10:41:51,10.16,890,904839,1
10:41:48,10.15,106,107590,-1
10:41:45,10.16,37,37592,1
10:41:42,10.16,155,157480,0
10:41:39,10.15,184,186760,-1
10:41:36,10.16,406,412496,-1
10:41:33,10.17,323,328491,0
10:41:30,10.19,195,198705,1
10:41:27,10.19,125,127375,1
10:41:24,10.19,2546,2594374,1
10:41:21,10.19,1248,1271712,-1
10:41:18,10.2,317,323340,1
10:41:15,10.19,240,244560,-1
10:41:12,10.2,445,453899,1
10:41:09,10.19,656,668464,-1
10:41:06,10.19,105,106995,-1
10:41:03,10.2,228,232559,1
10:41:00,10.2,551,562020,1
10:40:57,10.2,699,712980,-1
10:40:54,10.2,536,546720,-1
10:40:51,10.2,956,975119,-1
10:40:48,10.21,369,376749,1
10:40:45,10.21,383,391043,1
10:40:42,10.21,1095,1117995,1
10:40:39,10.2,427,435539,-1
10:40:36,10.22,1398,1428756,1
10:40:33,10.21,169,172549,-1
10:40:30,10.21,321,327741,1
10:40:27,10.2,1266,1291320,-1
10:40:24,10.21,772,788212,1
10:40:21,10.2,965,984299,-1
10:40:18,10.2,426,434519,-1
10:40:15,10.2,580,592609,1
10:40:12,10.19,783,797877,-1
10:40:09,10.2,949,967979,1
10:40:06,10.2,575,586500,1
10:40:03,10.2,518,528360,1
10:40:00,10.2,134,136680,1
10:39:57,10.2,448,456959,1
10:39:54,10.2,356,363120,1
10:39:51,10.2,535,545700,1
10:39:48,10.2,498,507959,1
10:39:45,10.19,1014,1033266,-1
10:39:42,10.21,126,128646,-1
10:39:39,10.22,70,71540,1
10:39:36,10.2,228,232559,-1
10:39:33,10.21,611,623831,0
10:39:30,10.22,87,88914,1
10:39:27,10.22,714,729708,1
10:39:24,10.22,357,365037,-1
10:39:21,10.22,298,304556,-1
10:39:18,10.22,836,854392,-1
10:39:15,10.23,234,239382,1
10:39:12,10.23,605,618915,-1
10:39:09,10.24,815,835184,1
10:39:06,10.23,879,899615,-1
10:39:03,10.24,353,361472,1
10:39:00,10.23,172,175956,-1
10:38:57,10.23,736,752928,-1
10:38:54,10.23,182,186186,-1
10:38:51,10.23,388,397548,1
10:38:48,10.22,392,400624,-1
10:38:45,10.22,153,156366,-1
10:38:42,10.22,226,230972,-1
10:38:39,10.22,594,607282,1
10:38:36,10.21,164,168444,-1
10:38:33,10.21,527,538067,1
10:38:30,10.2,549,559980,-1
10:38:27,10.21,332,338972,1
10:38:24,10.21,146,149066,1
10:38:21,10.2,623,635460,-1
10:38:18,10.2,804,820080,-1
10:38:15,10.2,261,266220,-1
10:38:12,10.22,203,207466,1
10:38:09,10.2,104,106079,-1
10:38:06,10.2,191,194820,-1
10:38:03,10.2,523,533460,1
10:38:00,10.2,171,174420,1
10:37:57,10.2,714,728280,1
10:37:54,10.2,73,74460,-1
10:37:51,10.21,2774,2832254,1
10:37:48,10.2,754,769080,1
10:37:45,10.2,1139,1161780,-1
10:37:42,10.2,737,751740,-1
10:37:39,10.22,1190,1216180,1
10:37:36,10.22,117,119574,1
10:37:33,10.2,933,951659,-1
10:37:30,10.2,566,577320,-1
10:37:27,10.22,725,740950,1
10:37:24,10.22,806,823732,1
10:37:21,10.21,460,469660,-1
10:37:18,10.21,86,87806,1
10:37:15,10.21,239,244019,-1
10:37:12,10.22,1306,1334732,1
10:37:09,10.21,843,860703,-1
10:37:06,10.22,435,444570,-1
10:37:03,10.23,552,564696,-1
10:37:00,10.23,685,700755,1
10:36:57,10.21,506,516626,-1
10:36:54,10.22,976,997472,1
10:36:51,10.22,156,159432,1
10:36:48,10.22,2352,2403744,-1
10:36:45,10.22,160,163520,-1
10:36:42,10.23,289,295647,0
10:36:39,10.22,279,285138,-1
10:36:36,10.22,1319,1348018,1
10:36:33,10.22,112,114464,1
10:36:30,10.22,655,669410,1
10:36:27,10.22,2366,2418052,1
10:36:24,10.22,575,587650,1
10:36:21,10.22,192,196234,-1
10:36:18,10.23,241,247555,1
10:36:15,10.22,707,722554,-1
10:36:12,10.22,419,428218,-1
10:36:09,10.22,474,484428,-1
10:36:06,10.23,588,601524,1
10:36:03,10.23,194,198462,1
10:36:00,10.22,1868,1909096,-1
10:35:57,10.24,201,205824,-1
10:35:54,10.24,1919,1965056,0
10:35:51,10.23,633,647559,0
10:35:48,10.24,763,781312,0
10:35:45,10.23,305,312015,-1
10:35:42,10.25,244,250100,-1
10:35:39,10.25,1453,1489325,1
10:35:36,10.25,733,751325,1
10:35:33,10.25,423,433575,1
10:35:30,10.24,529,541696,0
10:35:27,10.22,1040,1062880,-1
10:35:24,10.24,489,500736,1
10:35:21,10.22,565,577430,1
10:35:18,10.23,296,302808,0
10:35:15,10.21,288,294048,-1
10:35:12,10.25,172,176300,1
10:35:09,10.2,234,238679,-1
10:35:06,10.26,344,352944,1
10:35:03,10.26,62,63612,1
10:35:00,10.29,1577,1622732,1
10:34:57,10.27,1294,1328938,0
10:34:54,10.29,908,934331,1
10:34:51,10.23,1680,1718640,-1
10:34:48,10.3,1740,1792200,-1
10:34:45,10.3,580,597400,0
10:34:42,10.31,504,519624,1
10:34:39,10.3,1421,1463630,1
10:34:36,10.3,1117,1150510,-1
10:34:33,10.32,2219,2290008,1
10:34:30,10.32,5533,5710066,1
10:34:27,10.31,484,499004,0
10:34:24,10.32,1275,1316821,1
10:34:21,10.3,927,954810,-1
10:34:18,10.31,2667,2749677,-1
10:34:15,10.32,1869,1928808,-1
10:34:12,10.32,1674,1727568,-1
10:34:09,10.32,7606,7849392,1
10:34:06,10.29,811,834518,1
10:34:03,10.28,1782,1831896,0
10:34:00,10.31,2740,2824940,1
10:33:57,10.27,5039,5175053,-1
10:33:54,10.3,1376,1417280,-1
10:33:51,10.32,1044,1077408,1
10:33:48,10.33,1217,1257161,1
10:33:45,10.31,5128,5287617,-1
10:33:42,10.33,2524,2607674,1
10:33:39,10.3,5461,5624830,-1
10:33:36,10.33,1845,1905885,1
10:33:33,10.33,4798,4956334,1
10:33:30,10.33,2093,2162069,1
10:33:27,10.33,1820,1880060,-1
10:33:24,10.34,4820,4983880,1
10:33:21,10.33,1532,1582556,1
10:33:18,10.33,1788,1847004,-1
10:33:15,10.33,603,622899,0
10:33:12,10.32,1282,1323024,1
10:33:09,10.32,1703,1758259,1
10:33:06,10.3,3864,3979920,1
10:33:03,10.3,3183,3278490,1
10:33:00,10.28,1634,1679752,-1
10:32:57,10.28,3147,3235116,1
10:32:54,10.27,1392,1429584,1
10:32:51,10.25,2243,2299075,-1
10:32:48,10.26,4642,4762692,1
10:32:45,10.24,3636,3723264,-1
10:32:42,10.25,1394,1428850,1
10:32:39,10.25,433,443825,1
10:32:36,10.25,721,739025,1
10:32:33,10.2,1361,1388220,-1
10:32:30,10.21,2463,2514723,1
10:32:27,10.2,1493,1522860,1
10:32:24,10.19,1253,1276807,1
10:32:21,10.19,2940,2996868,1
10:32:18,10.17,828,842076,1
10:32:15,10.16,223,226568,-1
10:32:12,10.16,408,414528,-1
10:32:09,10.16,3048,3096768,1
10:32:06,10.13,865,876245,-1
10:32:03,10.14,897,910440,1
10:32:00,10.12,1676,1696111,-1
10:31:57,10.12,1550,1569510,1
10:31:54,10.11,2988,3020868,1
10:31:51,10.1,676,682760,-1
10:31:48,10.1,1617,1633170,-1
10:31:45,10.1,1662,1678620,1
10:31:42,10.09,1122,1132098,-1
10:31:39,10.09,856,863704,-1
10:31:36,10.09,819,826371,-1
10:31:33,10.09,1490,1503410,-1
10:31:30,10.09,841,848569,1
10:31:27,10.09,461,465149,1
10:31:24,10.09,923,931307,1
10:31:21,10.08,1127,1136016,-1
10:31:18,10.09,578,583202,-1
10:31:15,10.1,545,550450,-1
10:31:12,10.1,852,860520,1
10:31:09,10.09,2027,2045243,-1
10:31:06,10.09,965,973685,-1
10:31:03,10.1,1919,1938190,1
10:31:00,10.1,598,603980,1
10:30:57,10.1,695,701950,1
10:30:54,10.08,707,712656,-1
10:30:51,10.09,380,383420,-1
10:30:48,10.1,1278,1290780,1
10:30:45,10.09,1044,1053396,1
10:30:42,10.1,1103,1114030,1
10:30:39,10.09,493,497437,-1
10:30:36,10.1,709,716090,1
10:30:33,10.08,589,593712,-1
10:30:30,10.1,811,819130,-1
10:30:27,10.1,1747,1764470,1
10:30:24,10.1,1633,1649330,-1
10:30:21,10.1,1225,1237250,-1
10:30:18,10.11,1546,1563006,1
10:30:15,10.1,1459,1473590,1
10:30:12,10.1,2310,2333160,-1
10:30:09,10.11,421,425631,-1
10:30:06,10.12,1971,1994651,1
10:30:03,10.12,4342,4394104,1
10:30:00,10.11,517,522686,1
10:29:57,10.11,1556,1573116,1
10:29:54,10.11,1336,1350696,1
10:29:51,10.11,327,330597,1
10:29:48,10.1,1334,1347340,-1
10:29:45,10.1,665,672599,1
10:29:42,10.1,892,901677,1
10:29:39,10.1,2632,2658320,1
10:29:36,10.1,577,582770,1
10:29:33,10.09,1862,1878758,1
10:29:30,10.09,429,432861,1
10:29:27,10.09,266,268394,1
10:29:24,10.09,2142,2161278,-1
10:29:21,10.09,1126,1136134,1
10:29:18,10.09,1181,1191629,1
10:29:15,10.07,1477,1487339,-1
10:29:12,10.07,3555,3579885,-1
10:29:09,10.07,741,746187,1
10:29:06,10.06,1268,1275608,-1
10:29:03,10.07,311,313177,1
10:29:00,10.07,691,695837,1
10:28:57,10.06,5513,5546933,1
10:28:54,10.04,462,463847,-1
10:28:51,10.04,1466,1471863,-1
10:28:48,10.05,947,951735,1
10:28:45,10.04,1674,1680695,1
10:28:42,10.03,1162,1165486,-1
10:28:39,10.04,578,580312,1
10:28:36,10.04,1353,1358412,1
10:28:33,10.03,1115,1118345,1
10:28:30,10.03,1509,1513527,1
10:28:27,10.03,1001,1004013,-1
10:28:24,10.04,649,652589,0
10:28:21,10.03,2775,2783325,1
10:28:18,10.02,583,584166,1
10:28:15,10.0,1396,1396000,-1
10:28:12,10.0,1788,1788950,1
10:28:09,10.0,1556,1556000,1
10:28:06,10.0,2284,2284000,1
10:28:03,10.0,1099,1099000,1
10:28:00,9.99,2674,2671326,1
10:27:57,9.99,4600,4595400,1
10:27:54,9.99,1280,1278720,1
10:27:51,9.99,3699,3695301,1
10:27:48,9.98,1411,1408307,1
10:27:45,9.98,1441,1438118,1
10:27:42,9.97,244,243268,-1
10:27:39,9.98,1038,1035924,1
10:27:36,9.97,577,575269,-1
10:27:33,9.97,352,350944,-1
10:27:30,9.98,737,735526,1
10:27:27,9.96,2614,2603544,-1
10:27:24,9.97,2447,2439659,1
10:27:21,9.96,759,755964,-1
10:27:18,9.96,1000,996976,1
10:27:15,9.95,554,551230,-1
10:27:12,9.95,846,841769,-1
10:27:09,9.96,961,957156,1
10:27:06,9.95,135,134325,-1
10:27:03,9.95,110,109449,-1
10:27:00,9.95,547,544265,1
10:26:57,9.95,468,465659,1
10:26:54,9.95,890,885549,1
10:26:51,9.95,93,92535,1
10:26:48,9.95,804,799980,1
10:26:45,9.95,984,979079,-1
10:26:42,9.95,942,937289,-1
10:26:39,9.95,45,44775,-1
10:26:36,9.95,513,510434,-1
10:26:33,9.95,726,722370,1
10:26:30,9.95,382,380090,1
10:26:27,9.95,247,245764,1
10:26:24,9.95,568,565160,1
10:26:21,9.94,216,214704,-1
10:26:18,9.95,424,421879,1
10:26:15,9.94,406,403564,-1
10:26:12,9.95,453,451690,1
10:26:09,9.93,38,37734,-1
10:26:06,9.94,162,161028,1
10:26:03,9.93,391,388263,1
10:26:00,9.94,745,740530,1
10:25:57,9.92,2059,2042528,-1
10:25:54,9.93,639,634527,-1
10:25:51,9.93,354,351869,1
10:25:48,9.93,396,393228,1
10:25:45,9.91,67,66397,-1
10:25:42,9.92,995,987040,-1
10:25:39,9.93,189,187677,1
10:25:36,9.93,220,218469,-1
10:25:33,9.93,257,256184,1
10:25:30,9.92,628,622976,-1
10:25:27,9.92,185,183520,-1
10:25:24,9.92,9,8928,-1
10:25:21,9.93,49,48657,1
10:25:18,9.93,203,201579,1
10:25:15,9.92,176,174592,-1
10:25:12,9.93,210,208530,-1
10:25:09,9.93,271,269103,1
10:25:06,9.93,378,375354,-1
10:25:03,9.93,220,218460,-1
10:25:00,9.94,243,241542,1
10:24:57,9.94,34,33796,1
10:24:54,9.93,257,255201,-1
10:24:51,9.93,270,268110,-1
10:24:48,9.94,193,191842,1
10:24:45,9.94,426,423444,1
10:24:42,9.93,329,326697,-1
10:24:39,9.94,162,161028,1
10:24:36,9.93,736,730848,-1
10:24:33,9.94,157,156058,1
10:24:30,9.94,330,328020,1
10:24:27,9.94,253,251482,-1
10:24:24,9.94,407,404558,-1
10:24:21,9.95,161,160195,1
10:24:18,9.94,222,220668,1
10:24:15,9.94,220,218680,-1
10:24:12,9.94,250,248500,1
10:24:09,9.94,135,134190,1
10:24:06,9.94,1099,1092406,1
10:24:03,9.94,555,551928,1
10:24:00,9.93,479,475647,-1
10:23:57,9.94,270,268380,1
10:23:54,9.94,1202,1194788,1
10:23:51,9.94,285,283290,1
10:23:48,9.94,58,57652,1
10:23:45,9.94,559,555646,-1
10:23:42,9.95,1635,1626825,1
10:23:39,9.95,1182,1176090,1
10:23:36,9.95,1373,1366135,-1
10:23:33,9.95,811,806945,-1
10:23:30,9.96,302,300792,1
10:23:27,9.96,531,528876,1
10:23:24,9.96,1100,1095629,-1
10:23:21,9.96,1494,1488024,-1
10:23:18,9.97,2795,2786615,1
10:23:15,9.97,1378,1373866,1
10:23:12,9.97,1394,1389818,1
10:23:09,9.97,730,728178,-1
10:23:06,9.98,1864,1860900,1
10:23:03,9.98,543,541914,1
10:23:00,9.97,218,217346,0
10:22:57,9.98,3223,3216554,1
10:22:54,9.97,1343,1339938,1
10:22:51,9.96,480,478080,1
10:22:48,9.96,132,131472,1
10:22:45,9.96,4403,4385388,1
10:22:42,9.95,572,569140,1
10:22:39,9.94,1100,1093400,-1
10:22:36,9.94,1067,1060598,-1
10:22:33,9.94,151,150094,-1
10:22:30,9.94,3226,3207588,1
10:22:27,9.94,871,865774,1
10:22:24,9.92,1152,1142784,-1
10:22:21,9.93,768,762624,1
10:22:18,9.92,1960,1944320,1
10:22:15,9.92,1810,1795520,1
10:22:12,9.92,309,306528,1
10:22:09,9.91,1369,1356679,1
10:22:06,9.91,921,912711,1
10:22:03,9.9,333,329670,-1
10:22:00,9.9,421,416790,-1
