timestamp,price,volume,turnover,direction
15:00:03,9.63,9349,9003693,1
14:57:03,9.63,358,344754,-1
14:57:00,9.62,1157,1113034,-1
14:56:57,9.63,436,419868,1
14:56:54,9.63,537,517131,1
14:56:51,9.63,287,276381,1
14:56:48,9.63,54,52002,1
14:56:45,9.62,112,107743,-1
14:56:42,9.63,32,30816,1
14:56:39,9.63,271,261926,1
14:56:36,9.63,349,336087,1
14:56:33,9.63,71,68373,1
14:56:30,9.63,344,331272,1
14:56:27,9.63,474,456462,1
14:56:24,9.63,426,410238,1
14:56:21,9.63,259,249417,1
14:56:18,9.62,177,170274,-1
14:56:15,9.63,158,152154,1
14:56:12,9.63,189,182007,1
14:56:09,9.63,544,523872,1
14:56:06,9.62,91,88475,-1
14:56:03,9.63,70,67410,1
14:56:00,9.62,281,270322,-1
14:55:57,9.63,160,154080,1
14:55:54,9.63,104,100152,1
14:55:51,9.62,191,183741,-1
14:55:48,9.63,17,16371,1
14:55:45,9.63,319,307197,1
14:55:42,9.62,125,120249,-1
14:55:39,9.63,151,145413,1
14:55:36,9.63,120,115560,1
14:55:33,9.63,48,46224,1
14:55:30,9.62,96,92351,-1
14:55:27,9.63,157,151191,1
14:55:24,9.63,508,489204,1
14:55:21,9.62,34,32707,-1
14:55:18,9.63,400,385200,1
14:55:15,9.63,323,311049,1
14:55:12,9.62,27,25973,-1
14:55:09,9.62,266,255891,-1
14:55:06,9.62,79,75998,-1
14:55:03,9.63,26,25038,1
14:55:00,9.62,31,29821,-1
14:54:57,9.62,94,90427,-1
14:54:54,9.62,37,35594,-1
14:54:51,9.63,10,9630,1
14:54:48,9.62,125,120249,-1
14:54:45,9.62,111,106781,-1
14:54:42,9.62,79,75998,0
14:54:39,9.61,238,228718,-1
14:54:36,9.62,622,598364,1
14:54:33,9.62,315,303030,1
14:54:30,9.61,13,12493,-1
14:54:27,9.62,17,16353,1
14:54:24,9.62,247,237613,1
14:54:21,9.62,51,49061,1
14:54:18,9.62,38,36556,1
14:54:15,9.62,383,368445,1
14:54:12,9.61,86,82646,-1
14:54:09,9.62,160,153920,1
14:54:06,9.62,47,45213,1
14:54:03,9.62,35,33670,1
14:54:00,9.61,21,21074,-1
14:53:57,9.61,345,331545,-1
14:53:54,9.62,26,25011,-1
14:53:51,9.62,60,57719,-1
14:53:48,9.62,57,54833,1
14:53:45,9.61,309,296949,-1
14:53:42,9.62,274,263876,1
14:53:39,9.62,685,658970,1
14:53:36,9.61,221,212381,-1
14:53:33,9.62,1148,1104376,1
14:53:30,9.61,243,233523,-1
14:53:27,9.62,134,128907,1
14:53:24,9.62,295,283790,1
14:53:21,9.62,82,78884,1
14:53:18,9.62,4,3847,1
14:53:15,9.61,17,16336,-1
14:53:12,9.62,5,4810,1
14:53:09,9.61,222,213342,-1
14:53:06,9.62,75,72150,1
14:53:03,9.61,60,57660,-1
14:53:00,9.61,21,20181,-1
14:52:57,9.61,48,46128,-1
14:52:54,9.61,167,160487,-1
14:52:51,9.62,184,177008,1
14:52:45,9.62,17,16353,1
14:52:42,9.61,500,480500,-1
14:52:39,9.62,108,103895,1
14:52:36,9.61,5,4805,-1
14:52:33,9.62,10,9620,1
14:52:30,9.62,35,33670,1
14:52:27,9.61,68,65347,-1
14:52:24,9.62,48,46175,1
14:52:21,9.62,60,57719,1
14:52:15,9.62,625,601250,1
14:52:12,9.61,174,167214,-1
14:52:09,9.62,63,60605,1
14:52:06,9.62,16,15391,1
14:52:03,9.61,6,5766,-1
14:52:00,9.61,15,14415,-1
14:51:57,9.61,16,15376,-1
14:51:54,9.62,37,35594,1
14:51:51,9.61,25,24025,-1
14:51:48,9.62,60,57719,1
14:51:45,9.61,61,58621,-1
14:51:42,9.62,12,11543,1
14:51:39,9.62,214,205867,1
14:51:36,9.61,289,277729,-1
14:51:33,9.62,19,18278,1
14:51:30,9.61,109,104749,-1
14:51:27,9.61,46,44206,-1
14:51:24,9.62,533,512745,1
14:51:21,9.62,35,33670,1
14:51:18,9.62,119,114477,1
14:51:15,9.61,73,70153,-1
14:51:12,9.62,9,8658,1
14:51:06,9.62,61,58681,1
14:51:03,9.62,246,237248,-1
14:51:00,9.62,30,28859,-1
14:50:57,9.62,10,9620,-1
14:50:54,9.62,17,16353,-1
14:50:51,9.62,443,426165,-1
14:50:48,9.62,32,30783,-1
14:50:45,9.63,3039,2926922,1
14:50:42,9.6,8,7680,-1
14:50:39,9.6,156,149760,-1
14:50:36,9.6,45,43200,-1
14:50:33,9.61,63,60543,1
14:50:30,9.61,26,24986,1
14:50:27,9.6,114,110160,-1
14:50:24,9.6,79,75840,-1
14:50:21,9.61,19,18259,1
14:50:18,9.6,103,98880,-1
14:50:15,9.6,34,32640,-1
14:50:12,9.61,98,94178,1
14:50:09,9.6,306,293760,-1
14:50:03,9.6,92,88320,-1
14:50:00,9.61,21,20181,1
14:49:57,9.61,3,2883,1
14:49:54,9.61,325,312325,1
14:49:51,9.6,58,55680,-1
14:49:48,9.61,8,7688,1
14:49:45,9.6,270,259200,-1
14:49:42,9.61,21,20181,1
14:49:39,9.61,91,87451,1
14:49:36,9.6,68,65280,-1
14:49:33,9.61,37,35557,1
14:49:30,9.61,68,65347,1
14:49:27,9.61,5,4805,1
14:49:24,9.61,231,221991,1
14:49:21,9.61,30,28830,1
14:49:18,9.61,69,66309,1
14:49:15,9.61,292,280612,1
14:49:12,9.6,23,22080,-1
14:49:09,9.6,16,15360,-1
14:49:06,9.62,533,512745,1
14:49:03,9.6,1,960,-1
14:49:00,9.61,75,72075,1
14:48:57,9.6,144,138240,-1
14:48:54,9.61,4,3844,1
14:48:51,9.61,236,226796,1
14:48:48,9.61,328,315208,1
14:48:45,9.6,3365,3230419,-1
14:48:42,9.61,69,66309,-1
14:48:36,9.61,39,37479,-1
14:48:33,9.62,37,35594,1
14:48:30,9.61,16,15376,-1
14:48:27,9.62,5,4810,1
14:48:21,9.62,232,224126,1
14:48:18,9.61,20,19220,1
14:48:15,9.61,473,454572,-1
14:48:12,9.62,272,261663,1
14:48:09,9.62,59,56757,1
14:48:06,9.61,10,9610,-1
14:48:03,9.61,133,127812,-1
14:48:00,9.61,12,12473,-1
14:47:57,9.62,30,28859,1
14:47:54,9.62,57,54833,1
14:47:51,9.62,189,181817,1
14:47:48,9.61,510,490110,-1
14:47:45,9.61,192,184512,-1
14:47:42,9.62,120,115439,1
14:47:39,9.62,10,9620,1
14:47:36,9.61,66,63425,-1
14:47:33,9.61,71,68231,-1
14:47:30,9.62,126,121211,1
14:47:27,9.61,288,276768,-1
14:47:24,9.62,313,301106,1
14:47:21,9.61,22,21142,-1
14:47:18,9.61,3,2883,-1
14:47:15,9.61,73,71094,-1
14:47:12,9.61,23,22103,-1
14:47:09,9.61,1325,1273325,1
14:47:06,9.61,6,5766,1
14:47:03,9.6,1,960,-1
14:47:00,9.61,65,62464,1
14:46:57,9.61,54,51894,1
14:46:54,9.6,26,24960,-1
14:46:51,9.61,2,1922,1
14:46:48,9.6,14,13440,-1
14:46:45,9.6,44,42240,-1
14:46:42,9.6,85,81600,-1
14:46:39,9.6,52,49920,-1
14:46:33,9.61,20,19220,1
14:46:30,9.6,182,174720,-1
14:46:27,9.6,130,124800,-1
14:46:24,9.61,56,53816,1
14:46:21,9.6,282,270720,-1
14:46:18,9.6,21,20160,-1
14:46:15,9.6,42,40320,-1
14:46:12,9.61,44,42284,1
14:46:09,9.6,7,6720,-1
14:46:06,9.6,40,38400,-1
14:46:03,9.61,2,1922,1
14:46:00,9.6,110,105600,-1
14:45:57,9.61,26,24986,1
14:45:54,9.6,37,35520,-1
14:45:51,9.6,302,289920,-1
14:45:48,9.61,20,19220,1
14:45:45,9.6,63,60480,-1
14:45:42,9.6,88,84480,-1
14:45:39,9.6,21,20160,-1
14:45:36,9.6,112,107520,-1
14:45:33,9.6,60,57600,-1
14:45:30,9.6,210,201600,1
14:45:27,9.6,247,237120,1
14:45:24,9.6,71,68160,1
14:45:21,9.6,1074,1031040,1
14:45:18,9.6,20,19200,1
14:45:15,9.6,150,144000,1
14:45:12,9.59,13,12467,-1
14:45:09,9.6,63,60480,1
14:45:06,9.6,76,72960,1
14:45:03,9.6,66,63360,1
14:45:00,9.6,6,5760,1
14:44:57,9.6,48,46080,1
14:44:54,9.6,78,74880,1
14:44:51,9.6,20,19200,1
14:44:48,9.59,20,19180,-1
14:44:45,9.59,2,1918,-1
14:44:42,9.59,27,25893,-1
14:44:39,9.59,17,16303,-1
14:44:36,9.6,38,36480,1
14:44:30,9.59,14,13426,-1
14:44:27,9.6,22,21120,1
14:44:24,9.59,10,9590,-1
14:44:21,9.59,13,12467,-1
14:44:18,9.6,23,22080,1
14:44:15,9.59,30,28770,-1
14:44:12,9.59,18,17262,-1
14:44:09,9.59,23,22057,-1
14:44:06,9.59,24,23016,1
14:44:03,9.59,50,47950,1
14:44:00,9.59,26,24934,-1
14:43:57,9.58,26,24908,-1
14:43:54,9.58,60,57480,-1
14:43:51,9.59,35,33565,1
14:43:48,9.58,21,20118,-1
14:43:45,9.58,132,126456,-1
14:43:42,9.58,12,11496,-1
14:43:39,9.58,72,68976,-1
14:43:36,9.59,51,48909,1
14:43:33,9.59,25,23975,1
14:43:30,9.58,5,4790,-1
14:43:27,9.58,164,157112,-1
14:43:24,9.59,75,71925,1
14:43:21,9.59,41,39319,1
14:43:18,9.58,30,28740,-1
14:43:15,9.58,58,55564,-1
14:43:12,9.59,86,82474,1
14:43:09,9.58,93,89094,-1
14:43:00,9.59,59,56581,1
14:42:57,9.58,46,44068,-1
14:42:54,9.59,175,167825,1
14:42:51,9.58,87,83346,-1
14:42:48,9.59,35,33565,1
14:42:45,9.59,99,94941,1
14:42:42,9.59,30,28770,1
14:42:39,9.59,75,71925,1
14:42:36,9.58,86,82388,-1
14:42:33,9.59,60,57540,1
14:42:30,9.58,150,143700,-1
14:42:27,9.58,101,96758,-1
14:42:24,9.58,57,54606,-1
14:42:21,9.58,54,51732,-1
14:42:15,9.58,46,44068,-1
14:42:12,9.58,29,27782,-1
14:42:06,9.58,108,103464,-1
14:42:03,9.58,125,119750,-1
14:42:00,9.58,121,115918,-1
14:41:51,9.58,10,9580,-1
14:41:48,9.59,50,47950,1
14:41:45,9.59,43,41237,1
14:41:42,9.58,385,368830,-1
14:41:36,9.58,145,138910,-1
14:41:30,9.58,62,59396,-1
14:41:24,9.58,13,12454,1
14:41:21,9.58,18,17244,1
14:41:18,9.58,184,176272,1
14:41:15,9.58,357,342006,1
14:41:12,9.57,33,31581,-1
14:41:09,9.57,94,89958,-1
14:41:06,9.58,35,33530,1
14:41:03,9.57,50,47850,-1
14:41:00,9.57,36,34452,-1
14:40:57,9.57,5,4785,-1
14:40:54,9.57,82,78474,-1
14:40:51,9.57,139,133023,-1
14:40:48,9.57,13,12441,-1
14:40:45,9.58,13,12454,1
14:40:42,9.57,207,198099,-1
14:40:39,9.58,218,208844,1
14:40:36,9.58,79,75682,1
14:40:33,9.58,12,11496,1
14:40:30,9.57,4,3828,-1
14:40:27,9.58,34,32572,1
14:40:24,9.58,91,87178,1
14:40:21,9.57,160,153120,-1
14:40:18,9.58,49,46942,1
14:40:15,9.57,311,297627,-1
14:40:12,9.59,47,45073,1
14:40:09,9.58,10,9580,-1
14:40:06,9.59,121,116039,1
14:40:03,9.58,451,432058,-1
14:40:00,9.59,67,64253,1
14:39:57,9.58,100,95800,-1
14:39:54,9.59,38,36442,1
14:39:48,9.59,156,149604,1
14:39:45,9.59,146,140014,1
14:39:42,9.58,12,11496,-1
14:39:36,9.59,288,276192,1
14:39:33,9.59,54,51786,1
14:39:30,9.58,30,28740,-1
14:39:27,9.59,30,28770,1
14:39:24,9.59,144,138096,-1
14:39:21,9.59,28,26852,-1
14:39:18,9.59,225,215775,-1
14:39:15,9.59,105,100695,-1
14:39:12,9.59,52,49868,-1
14:39:09,9.59,111,106449,-1
14:39:06,9.6,12,11520,1
14:39:03,9.6,622,597120,-1
14:39:00,9.6,426,408960,-1
14:38:57,9.61,38,36518,1
14:38:54,9.61,306,294066,1
14:38:51,9.6,149,143040,-1
14:38:48,9.6,20,19200,-1
14:38:45,9.6,49,47040,-1
14:38:42,9.6,13,12480,-1
14:38:39,9.6,17,16320,-1
14:38:36,9.6,221,212160,-1
14:38:33,9.6,10,9600,-1
14:38:30,9.6,16,15360,-1
14:38:27,9.6,31,29760,-1
14:38:24,9.61,21,20181,1
14:38:21,9.61,48,46128,1
14:38:12,9.6,64,61440,-1
14:38:09,9.6,6,5760,-1
14:38:06,9.61,34,32673,1
14:38:03,9.61,18,17298,1
14:38:00,9.61,25,24025,1
14:37:57,9.61,26,24986,-1
14:37:54,9.61,6,5766,-1
14:37:48,9.61,10,9610,-1
14:37:45,9.61,3,2883,0
14:37:42,9.6,62,59520,-1
14:37:39,9.61,5,4805,-1
14:37:36,9.61,29,27869,1
14:37:33,9.61,58,55738,1
14:37:27,9.61,6,5766,1
14:37:21,9.61,77,73997,-1
14:37:18,9.61,24,23064,-1
14:37:15,9.61,10,9610,-1
14:37:12,9.62,237,227993,1
14:37:06,9.62,441,424241,1
14:37:03,9.61,3,2883,-1
14:37:00,9.61,208,199888,-1
14:36:57,9.62,400,384799,1
14:36:54,9.61,14,13454,-1
14:36:51,9.61,136,130695,-1
14:36:48,9.61,10,9610,-1
14:36:45,9.61,77,73997,-1
14:36:42,9.61,634,609274,-1
14:36:39,9.62,10,9620,1
14:36:33,9.61,21,20181,-1
14:36:30,9.61,20,19220,-1
14:36:27,9.62,5,4810,1
14:36:18,9.62,26,25011,1
14:36:15,9.62,60,57719,1
14:36:12,9.62,16,15391,1
14:36:09,9.61,25,24025,-1
14:36:06,9.62,43,41366,1
14:36:03,9.62,5,4810,1
14:36:00,9.62,15,14429,1
14:35:57,9.62,30,28859,1
14:35:54,9.62,340,327080,-1
14:35:51,9.62,41,39442,-1
14:35:48,9.62,180,173160,-1
14:35:45,9.62,40,38480,-1
14:35:42,9.63,59,56817,1
14:35:39,9.62,80,76960,-1
14:35:36,9.63,211,203193,1
14:35:33,9.62,35,33670,-1
14:35:27,9.62,32,30783,-1
14:35:24,9.63,149,143487,1
14:35:21,9.63,105,101115,1
14:35:18,9.63,28,26964,1
14:35:15,9.62,9,8658,-1
14:35:12,9.62,63,60605,-1
14:35:09,9.62,5,4810,-1
14:35:06,9.62,17,16353,-1
14:35:03,9.62,30,28859,-1
14:34:57,9.62,30,28859,-1
14:34:54,9.62,10,9620,-1
14:34:51,9.63,60,57780,1
14:34:48,9.63,30,28890,1
14:34:45,9.62,4,3847,-1
14:34:42,9.62,26,25011,-1
14:34:39,9.62,60,57719,-1
14:34:36,9.63,79,76077,1
14:34:33,9.62,21,20202,-1
14:34:27,9.62,2,1923,-1
14:34:24,9.62,67,64453,-1
14:34:18,9.63,12,11556,1
14:34:15,9.62,5,4810,-1
14:34:12,9.63,44,42372,1
14:34:09,9.62,25,24049,-1
14:34:06,9.63,58,55854,1
14:34:03,9.63,63,60669,1
14:34:00,9.63,39,37557,1
14:33:57,9.63,38,36594,1
14:33:54,9.63,1,963,1
14:33:51,9.63,232,223416,1
14:33:48,9.63,118,113701,-1
14:33:45,9.64,55,53020,1
14:33:42,9.63,62,59706,-1
14:33:39,9.64,169,162916,1
14:33:36,9.63,90,86670,-1
14:33:33,9.63,110,105930,-1
14:33:30,9.63,21,20223,-1
14:33:27,9.64,114,109896,1
14:33:24,9.63,522,502686,-1
14:33:21,9.63,151,145413,-1
14:33:18,9.64,109,105076,1
14:33:15,9.64,39,37596,1
14:33:12,9.64,31,29884,1
14:33:09,9.64,1,964,1
14:33:06,9.64,65,62660,1
14:33:03,9.64,39,37596,1
14:33:00,9.64,57,54948,1
14:32:57,9.64,45,43380,1
14:32:54,9.64,482,464648,-1
14:32:51,9.65,25,24125,1
14:32:48,9.64,24,23136,-1
14:32:45,9.65,41,39565,1
14:32:42,9.64,19,18316,-1
14:32:36,9.65,61,58865,1
14:32:33,9.65,289,278885,1
14:32:30,9.64,126,121464,-1
14:32:27,9.65,153,147645,1
14:32:24,9.65,97,93605,1
14:32:21,9.65,162,156330,1
14:32:15,9.65,768,741120,1
14:32:12,9.64,114,109896,-1
14:32:09,9.65,39,37635,1
14:32:06,9.65,207,199755,1
14:32:03,9.65,134,129310,1
14:32:00,9.65,31,29915,1
14:31:57,9.65,36,34740,1
14:31:54,9.64,61,58804,-1
14:31:51,9.64,130,125320,-1
14:31:48,9.65,238,229670,1
14:31:45,9.65,61,58865,1
14:31:42,9.64,32,30848,-1
14:31:39,9.65,9,8685,1
14:31:36,9.64,6,5784,-1
14:31:33,9.64,186,179304,-1
14:31:30,9.64,102,98328,-1
14:31:27,9.64,106,102184,-1
14:31:24,9.64,24,23136,-1
14:31:21,9.64,141,135924,-1
14:31:18,9.64,151,145564,1
14:31:15,9.64,180,173520,1
14:31:12,9.64,27,26028,1
14:31:09,9.64,81,78980,1
14:31:06,9.64,66,63624,1
14:31:03,9.64,48,46272,1
14:31:00,9.63,7,6741,-1
14:30:57,9.64,22,21208,1
14:30:54,9.64,141,135924,1
14:30:51,9.64,104,100284,-1
14:30:48,9.64,313,301732,-1
14:30:45,9.65,159,154371,1
14:30:42,9.64,23,22172,-1
14:30:39,9.65,22,21230,1
14:30:36,9.64,13,12532,-1
14:30:33,9.65,24,23160,1
14:30:30,9.65,48,46320,1
14:30:27,9.64,251,241964,-1
14:30:24,9.65,120,115800,1
14:30:21,9.64,8,7712,-1
14:30:18,9.64,468,451152,-1
14:30:15,9.64,8,7712,1
14:30:12,9.64,21,20244,1
14:30:09,9.62,40,38480,-1
14:30:06,9.62,52,50023,-1
14:30:03,9.63,20,19260,1
14:30:00,9.63,5,4815,1
14:29:57,9.65,14,13510,1
14:29:51,9.65,5000,4825000,1
14:29:48,9.61,52,49972,-1
14:29:45,9.62,1,961,1
14:29:42,9.61,33,31712,-1
14:29:39,9.61,47,45167,1
14:29:36,9.61,41,39401,-1
14:29:33,9.61,28,26908,1
14:29:30,9.61,61,58621,1
14:29:27,9.61,61,58621,-1
14:29:24,9.62,29,27897,1
14:29:21,9.61,20,19220,-1
14:29:18,9.62,42,40404,1
14:29:12,9.61,41,39401,-1
14:29:09,9.61,156,149916,-1
14:29:00,9.61,1,961,-1
14:28:57,9.61,1,961,0
14:28:51,9.62,87,83694,1
14:28:48,9.61,25,24025,1
14:28:45,9.6,710,681600,-1
14:28:42,9.61,46,44206,1
14:28:39,9.61,20,19220,1
14:28:36,9.6,451,433094,-1
14:28:33,9.61,30,28830,-1
14:28:30,9.62,46,45204,1
14:28:24,9.62,193,185665,1
14:28:21,9.61,130,125785,-1
14:28:18,9.62,59,56757,1
14:28:15,9.61,11,10571,-1
14:28:12,9.62,48,46175,1
14:28:09,9.62,16,15391,1
14:28:06,9.62,20,19240,1
14:28:03,9.62,22,21164,1
14:28:00,9.62,77,74074,1
14:27:57,9.61,26,24986,-1
14:27:54,9.62,28,26935,1
14:27:51,9.62,30,28859,1
14:27:48,9.61,69,66309,-1
14:27:42,9.61,39,37479,-1
14:27:39,9.62,81,77922,1
14:27:36,9.61,11,10571,-1
14:27:33,9.62,63,60605,1
14:27:30,9.61,33,31712,-1
14:27:27,9.61,50,48050,-1
14:27:21,9.62,10,9620,1
14:27:18,9.61,130,124929,-1
14:27:12,9.61,13,12493,-1
14:27:09,9.62,2,1923,1
14:27:06,9.62,30,28859,1
14:27:03,9.61,26,24986,-1
14:27:00,9.61,25,24025,-1
14:26:57,9.62,20,19240,1
14:26:54,9.61,1,961,-1
14:26:48,9.61,40,38440,-1
14:26:45,9.63,475,457425,1
14:26:42,9.61,17,16336,-1
14:26:39,9.62,20,19240,1
14:26:36,9.62,54,51947,-1
14:26:33,9.62,48,46175,-1
14:26:30,9.62,226,217411,-1
14:26:27,9.62,516,496391,-1
14:26:21,9.62,48,46175,-1
14:26:18,9.62,55,52909,-1
14:26:15,9.62,35,33670,-1
14:26:12,9.62,21,20202,-1
14:26:09,9.62,32,30783,-1
14:26:03,9.63,46,44298,1
14:26:00,9.62,242,232803,-1
14:25:57,9.62,32,30783,-1
14:25:54,9.63,10,9630,1
14:25:51,9.63,77,74151,1
14:25:48,9.63,31,29853,1
14:25:45,9.63,22,21186,1
14:25:42,9.62,12,11543,-1
14:25:39,9.63,123,118449,1
14:25:36,9.62,36,34632,-1
14:25:33,9.63,9,8667,1
14:25:30,9.62,140,134680,-1
14:25:27,9.62,21,20202,-1
14:25:24,9.63,51,49113,1
14:25:21,9.63,12,11556,1
14:25:18,9.63,40,38520,1
14:25:12,9.62,14,13467,-1
14:25:09,9.63,56,53928,1
14:25:03,9.62,346,332852,-1
14:25:00,9.64,26,25064,1
14:24:57,9.63,86,82818,-1
14:24:54,9.64,5,4820,1
14:24:51,9.64,40,38560,1
14:24:48,9.64,590,568760,1
14:24:45,9.63,250,240750,-1
14:24:42,9.64,38,36632,1
14:24:39,9.64,57,54948,1
14:24:36,9.64,71,68444,1
14:24:33,9.64,3,2892,1
14:24:27,9.63,36,34668,-1
14:24:24,9.63,10,9630,-1
14:24:21,9.64,211,203404,1
14:24:18,9.63,35,33705,1
14:24:15,9.62,58,55795,-1
14:24:12,9.63,59,56817,1
14:24:09,9.62,39,37518,-1
14:24:06,9.62,3,2885,-1
14:24:00,9.63,110,105930,-1
14:23:57,9.63,50,48150,-1
14:23:54,9.64,44,42416,1
14:23:51,9.64,1060,1021840,1
14:23:48,9.63,13,12519,-1
14:23:42,9.63,40,38520,-1
14:23:39,9.63,22,21186,-1
14:23:36,9.63,70,67410,1
14:23:30,9.63,9,8667,1
14:23:27,9.62,11,10582,0
14:23:21,9.62,34,32707,1
14:23:15,9.62,177,170274,-1
14:23:12,9.63,90,86670,1
14:23:09,9.62,113,108705,-1
14:23:06,9.62,10,9620,-1
14:23:00,9.63,23,22149,0
14:22:48,9.61,93,89373,-1
14:22:45,9.62,83,80788,1
14:22:42,9.62,34,32707,1
14:22:39,9.62,215,206849,-1
14:22:36,9.64,60,57840,1
14:22:33,9.64,570,549480,1
14:22:30,9.63,11,10593,1
14:22:27,9.62,10,9620,-1
14:22:24,9.62,2,1923,-1
14:22:18,9.62,1,961,-1
14:22:15,9.62,53,51928,1
14:22:12,9.62,149,143357,-1
14:22:09,9.62,24,23087,-1
14:22:06,9.62,998,960075,-1
14:22:03,9.62,32,30783,-1
14:21:57,9.62,111,106781,-1
14:21:51,9.62,11,10582,-1
14:21:48,9.62,10,9620,-1
14:21:45,9.62,9,9600,1
14:21:42,9.62,198,190475,1
14:21:39,9.62,14,13467,1
14:21:36,9.62,12,11543,1
14:21:33,9.62,60,57719,1
14:21:30,9.62,52,50023,1
14:21:27,9.62,135,129869,1
14:21:24,9.62,73,70226,1
14:21:18,9.61,5,4805,-1
14:21:15,9.62,120,115439,1
14:21:12,9.62,56,53871,1
14:21:09,9.62,35,33670,1
14:21:06,9.62,15,14429,1
14:21:03,9.62,10,9620,1
14:21:00,9.62,7,6733,1
14:20:57,9.61,6,5766,-1
14:20:51,9.62,119,114477,1
14:20:48,9.61,52,49972,-1
14:20:45,9.62,10,9620,1
14:20:42,9.61,12,11532,-1
14:20:39,9.62,20,19240,1
14:20:33,9.62,248,238575,1
14:20:30,9.62,5,4810,1
14:20:27,9.61,6,5766,-1
14:20:21,9.61,40,38440,-1
14:20:12,9.61,14,13454,-1
14:20:09,9.61,192,184512,-1
14:20:06,9.61,148,142228,-1
14:20:03,9.62,23,22126,1
14:20:00,9.61,4,3844,-1
14:19:57,9.61,10,9610,-1
14:19:54,9.61,24,23064,-1
14:19:51,9.61,25,24025,-1
14:19:48,9.61,12,11532,-1
14:19:45,9.62,1,961,1
14:19:42,9.61,32,30752,-1
14:19:39,9.62,183,176046,1
14:19:36,9.61,105,100905,-1
14:19:33,9.61,56,53816,-1
14:19:30,9.62,3,2885,1
14:19:27,9.62,21,20202,1
14:19:24,9.62,61,58681,1
14:19:21,9.62,35,33670,1
14:19:18,9.62,102,98123,1
14:19:15,9.62,55,52909,1
14:19:12,9.61,13,12493,-1
14:19:09,9.61,5,4805,-1
14:19:06,9.61,100,96100,-1
14:19:00,9.62,60,57719,1
14:18:54,9.61,62,59582,-1
14:18:51,9.61,10,9610,-1
14:18:48,9.62,314,302068,1
14:18:45,9.62,33,31745,1
14:18:42,9.61,334,320974,-1
14:18:36,9.62,332,319384,1
14:18:33,9.62,10,9620,1
14:18:30,9.62,10,9620,1
14:18:27,9.61,24,23064,-1
14:18:21,9.61,7,6727,-1
14:18:15,9.61,41,39401,-1
14:18:12,9.61,13,12493,-1
14:18:09,9.61,15,14415,-1
14:18:06,9.6,404,387840,-1
14:18:03,9.61,20,19220,-1
14:18:00,9.61,36,34596,-1
14:17:54,9.61,5,4805,-1
14:17:51,9.61,28,26908,1
14:17:48,9.62,376,361711,1
14:17:42,9.61,59,56718,-1
14:17:39,9.62,5,4810,1
14:17:33,9.61,5,4805,-1
14:17:24,9.61,11,10571,-1
14:17:21,9.61,22,22083,-1
14:17:18,9.62,30,28859,1
14:17:15,9.62,46,44252,1
14:17:12,9.61,50,48050,-1
14:17:09,9.61,52,49972,-1
14:17:06,9.62,18,17316,1
14:17:03,9.61,28,26908,-1
14:17:00,9.62,59,56757,1
14:16:57,9.61,3,2883,-1
14:16:54,9.62,57,54833,1
14:16:51,9.61,111,106671,-1
14:16:48,9.61,112,108583,1
14:16:45,9.6,29,27840,-1
14:16:42,9.6,212,203520,-1
14:16:39,9.6,10,9600,-1
14:16:36,9.61,1,961,1
14:16:30,9.6,11,10560,-1
14:16:24,9.6,13,13372,1
14:16:21,9.6,97,93120,1
14:16:18,9.6,2,1920,1
14:16:15,9.6,94,90240,1
14:16:12,9.6,183,175680,1
14:16:09,9.59,408,391272,-1
14:16:06,9.6,20,19200,1
14:16:03,9.6,222,213120,1
14:16:00,9.59,8,7672,-1
14:15:57,9.59,502,481418,-1
14:15:51,9.6,43,41280,1
14:15:48,9.59,43,42100,1
14:15:45,9.59,574,550466,1
14:15:42,9.58,88,84304,-1
14:15:39,9.58,229,219382,-1
14:15:36,9.59,50,47950,1
14:15:30,9.58,336,321888,1
14:15:27,9.57,5,4785,-1
14:15:24,9.58,20,19160,1
14:15:21,9.58,77,73766,1
14:15:18,9.57,105,100485,-1
14:15:12,9.58,84,80472,1
14:15:09,9.57,27,25839,-1
14:15:06,9.57,61,58377,-1
14:15:03,9.58,4,3832,1
14:14:57,9.57,167,160307,-1
14:14:51,9.57,10,9570,-1
14:14:48,9.57,67,64119,-1
14:14:45,9.57,10,9570,-1
14:14:42,9.57,19,18183,-1
14:14:39,9.57,22,21054,-1
14:14:33,9.57,59,56788,1
14:14:30,9.56,13,12428,-1
14:14:27,9.57,411,393327,1
14:14:24,9.57,330,315810,1
14:14:21,9.57,21,20097,1
14:14:18,9.56,28,26768,-1
14:14:12,9.56,14,13384,-1
14:14:09,9.57,22,21054,1
14:14:06,9.56,205,195980,-1
14:14:03,9.56,11,10516,-1
14:14:00,9.57,364,348348,1
14:13:54,9.56,20,19120,-1
14:13:51,9.56,122,116632,-1
14:13:48,9.56,124,118544,-1
14:13:45,9.57,10,9570,1
14:13:42,9.56,34,32504,-1
14:13:39,9.56,190,181640,-1
14:13:36,9.56,33,31548,-1
14:13:33,9.56,25,23900,-1
14:13:27,9.56,53,50668,-1
14:13:24,9.56,17,16252,-1
14:13:21,9.56,5,4780,-1
14:13:15,9.56,20,19120,-1
14:13:12,9.56,61,58316,-1
14:13:09,9.56,20,19120,-1
14:13:06,9.57,17,16269,1
14:13:03,9.56,164,156784,-1
14:13:00,9.57,3,2871,1
14:12:57,9.57,5,4785,1
14:12:54,9.56,72,68832,-1
14:12:51,9.56,72,68832,-1
14:12:48,9.56,125,119500,-1
14:12:45,9.57,42,40194,1
14:12:42,9.56,17,16252,-1
14:12:36,9.56,131,125236,-1
14:12:33,9.57,17,16269,1
14:12:30,9.57,18,17226,1
14:12:27,9.57,405,387585,1
14:12:24,9.57,110,105270,1
14:12:21,9.57,19,18183,1
14:12:18,9.57,110,105901,-1
14:12:15,9.57,312,298584,-1
14:12:12,9.57,55,52635,-1
14:12:09,9.57,19,18183,-1
14:12:06,9.57,67,64119,-1
14:12:03,9.57,315,301455,-1
14:11:57,9.58,36,34488,1
14:11:54,9.58,211,202138,1
14:11:51,9.58,62,59396,1
14:11:48,9.57,10,9570,-1
14:11:45,9.58,56,53648,1
14:11:42,9.58,89,85262,1
14:11:36,9.58,5,4790,1
14:11:33,9.58,34,32572,1
14:11:30,9.57,286,273702,-1
14:11:27,9.58,4,3832,1
14:11:24,9.57,55,52635,-1
14:11:21,9.58,50,47900,1
14:11:15,9.58,86,82388,1
14:11:12,9.58,35,33530,1
14:11:09,9.58,223,213634,-1
14:11:03,9.58,414,396612,-1
14:10:57,9.58,9,8622,-1
14:10:54,9.59,10,9590,1
14:10:51,9.58,3,2874,-1
14:10:48,9.58,14,13412,-1
14:10:45,9.59,61,58499,1
14:10:42,9.58,110,105380,-1
14:10:39,9.59,276,264684,1
14:10:36,9.58,37,35446,-1
14:10:30,9.58,93,89094,-1
14:10:24,9.58,5,4790,-1
14:10:18,9.58,13,12454,-1
14:10:15,9.58,60,57480,-1
14:10:12,9.59,71,68089,1
14:10:09,9.59,1,959,1
14:10:06,9.59,9,8631,1
14:10:03,9.59,132,126588,-1
14:10:00,9.59,50,47950,-1
14:09:54,9.59,10,9590,-1
14:09:51,9.59,30,28770,-1
14:09:48,9.59,64,61376,-1
14:09:45,9.6,3,2880,1
14:09:42,9.59,12,11508,-1
14:09:36,9.6,3,2880,1
14:09:33,9.6,10,9600,1
14:09:30,9.6,3,2880,1
14:09:27,9.6,21,20160,0
14:09:24,9.61,522,501641,1
14:09:18,9.61,20,19220,1
14:09:15,9.6,10,9600,-1
14:09:12,9.6,26,24960,-1
14:09:09,9.6,29,27840,-1
14:09:06,9.6,1,960,-1
14:09:03,9.61,20,19220,1
14:09:00,9.61,34,32673,1
14:08:57,9.6,59,56640,-1
14:08:54,9.61,28,26908,1
14:08:48,9.6,27,25920,-1
14:08:45,9.61,9,8649,1
14:08:42,9.6,100,96000,-1
14:08:36,9.61,4,3844,-1
14:08:33,9.61,20,19220,-1
14:08:30,9.61,5,4805,-1
14:08:24,9.61,13,12493,1
14:08:21,9.6,6,5760,-1
14:08:18,9.6,4,3840,-1
14:08:15,9.61,10,9610,1
14:08:12,9.6,14,13440,-1
14:08:06,9.61,143,137423,-1
14:08:03,9.62,12,11543,1
14:08:00,9.61,5,4805,-1
14:07:57,9.62,2,1923,1
14:07:54,9.61,16,15376,-1
14:07:51,9.61,43,41323,1
14:07:48,9.6,11,10560,-1
14:07:45,9.61,28,26908,-1
14:07:42,9.61,177,170097,-1
14:07:39,9.62,3,2885,1
14:07:36,9.61,111,106671,-1
14:07:33,9.61,167,160487,-1
14:07:27,9.62,9,8658,1
14:07:24,9.61,2,1922,-1
14:07:21,9.61,19,18259,-1
14:07:18,9.61,93,89373,-1
14:07:15,9.62,49,47137,1
14:07:12,9.62,16,15391,1
14:07:09,9.62,70,67340,1
14:07:03,9.62,184,177008,-1
14:06:57,9.62,16,15391,1
14:06:54,9.61,44,42284,-1
14:06:51,9.62,159,152958,1
14:06:48,9.61,30,28830,-1
14:06:45,9.61,3,2883,-1
14:06:42,9.61,167,160487,-1
14:06:36,9.61,1,961,-1
14:06:33,9.6,655,628800,-1
14:06:30,9.61,14,13454,1
14:06:27,9.61,9,8649,1
14:06:18,9.6,34,32640,-1
14:06:15,9.6,20,19200,-1
14:06:12,9.61,63,60543,1
14:06:09,9.6,6,5760,-1
14:06:03,9.6,53,50880,0
14:05:57,9.59,47,45073,-1
14:05:51,9.6,20,19200,-1
14:05:48,9.6,152,145920,1
14:05:45,9.6,9,8640,1
14:05:42,9.58,12,11496,-1
14:05:39,9.59,4,3836,1
14:05:36,9.59,754,723086,-1
14:05:33,9.6,2,1920,-1
14:05:30,9.6,2,1920,1
14:05:27,9.6,14,13440,1
14:05:24,9.6,5,4800,1
14:05:21,9.6,8,7680,1
14:05:18,9.6,5,4800,-1
14:05:15,9.6,75,72000,-1
14:05:12,9.6,323,310080,-1
14:05:06,9.6,16,15360,-1
14:05:00,9.61,83,79763,1
14:04:57,9.6,1,960,-1
14:04:51,9.6,41,39360,-1
14:04:48,9.61,156,149916,1
14:04:45,9.6,19,18240,-1
14:04:42,9.61,162,155682,1
14:04:39,9.61,48,46128,1
14:04:36,9.6,180,172800,-1
14:04:33,9.6,123,118080,-1
14:04:30,9.6,169,162240,-1
14:04:27,9.61,8,7688,1
14:04:18,9.61,4,3844,1
14:04:12,9.61,416,399776,-1
14:04:09,9.61,22,21142,-1
14:04:06,9.62,40,38480,1
14:04:00,9.62,20,19240,0
14:03:57,9.63,22,21186,1
14:03:54,9.62,137,131794,-1
14:03:51,9.62,1,961,-1
14:03:48,9.62,10,9620,-1
14:03:45,9.62,10,9620,-1
14:03:42,9.62,42,40404,-1
14:03:36,9.63,38,36594,1
14:03:30,9.62,20,19240,-1
14:03:27,9.62,14,13467,-1
14:03:24,9.62,8,7695,-1
14:03:18,9.62,23,22126,-1
14:03:12,9.62,12,11543,-1
14:03:09,9.62,70,67340,-1
14:03:03,9.62,605,582010,-1
14:02:57,9.62,26,25011,-1
14:02:54,9.63,176,169488,1
14:02:51,9.62,9,8658,-1
14:02:48,9.62,12,11543,-1
14:02:42,9.62,12,11543,-1
14:02:39,9.63,5,4815,1
14:02:36,9.63,19,18297,1
14:02:33,9.62,100,96199,-1
14:02:30,9.62,30,28859,-1
14:02:27,9.64,222,214008,1
14:02:24,9.63,15,14445,1
14:02:21,9.63,231,222462,-1
14:02:18,9.63,433,416979,-1
14:02:12,9.63,20,19260,-1
14:02:09,9.63,44,42372,-1
14:02:06,9.63,246,236898,-1
14:02:00,9.64,130,125320,1
14:01:57,9.64,215,207260,1
14:01:54,9.64,90,86760,1
14:01:51,9.64,39,37596,1
14:01:48,9.63,10,9630,-1
14:01:45,9.64,10,9640,1
14:01:42,9.63,548,527724,-1
14:01:39,9.64,81,78084,1
14:01:36,9.64,13,12532,1
14:01:33,9.64,45,43380,1
14:01:30,9.64,25,24100,1
14:01:27,9.64,25,24100,1
14:01:24,9.63,9,8667,-1
14:01:21,9.64,11,10604,1
14:01:18,9.63,1,963,-1
14:01:15,9.64,1,964,1
14:01:09,9.64,28,26992,1
14:01:06,9.64,6,5784,1
14:01:03,9.64,1,964,1
14:01:00,9.64,100,96400,1
14:00:57,9.64,35,33740,1
14:00:54,9.63,230,221490,-1
14:00:51,9.64,33,31812,1
14:00:48,9.63,47,45261,-1
14:00:45,9.63,2,1926,-1
14:00:42,9.63,12,11556,-1
14:00:39,9.64,6,5784,1
14:00:36,9.64,15,14460,1
14:00:33,9.63,34,32742,-1
14:00:27,9.64,9,8676,1
14:00:24,9.64,6,5784,1
14:00:18,9.64,36,34704,1
14:00:15,9.64,280,269920,-1
14:00:12,9.65,409,394685,1
14:00:09,9.64,49,47236,-1
14:00:06,9.65,60,57900,1
14:00:03,9.65,30,28950,1
14:00:00,9.65,565,545225,1
13:59:57,9.65,15,14475,1
13:59:54,9.65,4,3860,1
13:59:51,9.65,1,965,1
13:59:48,9.64,15,14460,-1
13:59:45,9.65,48,46320,-1
13:59:42,9.65,150,144750,-1
13:59:36,9.65,72,69480,-1
13:59:33,9.65,157,151505,-1
13:59:27,9.65,55,53075,-1
13:59:24,9.65,25,24125,-1
13:59:21,9.66,185,178710,1
13:59:18,9.66,143,138138,1
13:59:15,9.66,144,139104,1
13:59:12,9.65,81,78165,-1
13:59:09,9.66,73,70518,1
13:59:06,9.66,123,118818,1
13:59:03,9.66,548,529368,1
13:59:00,9.66,376,363216,1
13:58:57,9.66,169,163254,1
13:58:54,9.66,173,167118,1
13:58:51,9.66,150,144900,1
13:58:48,9.66,210,202860,1
13:58:45,9.65,230,221950,-1
13:58:42,9.66,346,334236,1
13:58:39,9.66,221,213486,1
13:58:36,9.65,251,242215,-1
13:58:33,9.65,1,965,-1
13:58:30,9.65,950,916750,1
13:58:27,9.65,321,309765,1
13:58:24,9.64,152,146528,-1
13:58:21,9.65,154,148610,1
13:58:18,9.65,173,166945,1
13:58:15,9.65,192,185280,1
13:58:12,9.64,196,188944,-1
13:58:09,9.64,27,26028,-1
13:58:06,9.64,551,531164,1
13:58:03,9.64,122,117608,1
13:58:00,9.64,84,80976,1
13:57:57,9.64,93,89652,1
13:57:54,9.63,123,118449,-1
13:57:51,9.64,103,99292,1
13:57:48,9.63,30,28890,-1
13:57:45,9.63,290,280223,1
13:57:42,9.62,87,83694,-1
13:57:39,9.63,227,218601,1
13:57:36,9.63,91,87633,1
13:57:33,9.63,163,156969,1
13:57:30,9.63,50,48150,1
13:57:27,9.63,70,67410,1
13:57:24,9.63,65,62595,1
13:57:21,9.63,72,69336,1
13:57:18,9.63,74,71262,1
13:57:15,9.63,17,16371,1
13:57:12,9.62,221,212601,1
13:57:09,9.62,65,62529,1
13:57:06,9.62,107,102933,1
13:57:03,9.62,52,50023,1
13:57:00,9.62,59,56757,1
13:56:57,9.62,92,88504,1
13:56:54,9.61,85,81685,-1
13:56:51,9.62,98,94275,1
13:56:48,9.61,108,103788,-1
13:56:45,9.61,98,94178,-1
13:56:42,9.61,114,109554,-1
13:56:39,9.61,116,111476,-1
13:56:36,9.62,105,101009,1
13:56:30,9.61,1,961,1
13:56:27,9.61,35,33635,1
13:56:24,9.61,12,11532,1
13:56:21,9.61,1,961,1
13:56:18,9.61,9,8649,1
13:56:15,9.61,32,30752,1
13:56:12,9.61,114,109554,1
13:56:09,9.61,31,29791,1
13:56:06,9.61,17,16336,1
13:56:03,9.61,35,33635,1
13:56:00,9.61,12,11532,1
13:55:57,9.6,21,20160,-1
13:55:54,9.61,57,54777,1
13:55:51,9.61,385,369985,-1
13:55:48,9.61,77,73997,-1
13:55:45,9.62,52,50023,1
13:55:42,9.62,99,95237,1
13:55:39,9.62,20,19240,1
13:55:36,9.61,42,40362,-1
13:55:33,9.62,22,21164,1
13:55:30,9.62,69,66378,1
13:55:27,9.62,29,27897,1
13:55:24,9.62,52,50023,1
13:55:21,9.61,39,37479,-1
13:55:18,9.61,51,49011,-1
13:55:15,9.62,57,54833,1
13:55:12,9.62,69,66378,1
13:55:09,9.6,102,97920,-1
13:55:06,9.61,57,54777,-1
13:55:03,9.61,55,52855,0
13:54:57,9.62,102,98123,1
13:54:54,9.62,33,31745,1
13:54:51,9.62,19,18278,1
13:54:48,9.61,31,29791,1
13:54:45,9.61,13,12493,1
13:54:42,9.61,54,51894,1
13:54:39,9.61,93,89373,-1
13:54:36,9.62,46,44252,1
13:54:33,9.62,42,40404,1
13:54:30,9.61,83,79763,-1
13:54:27,9.61,72,69192,0
13:54:21,9.62,302,290524,1
13:54:18,9.61,113,108593,1
13:54:15,9.62,83,79846,1
13:54:12,9.6,43,41280,-1
13:54:09,9.61,317,304637,1
13:54:06,9.61,38,36518,1
13:54:03,9.6,44,42240,-1
13:54:00,9.61,26,24986,1
13:53:54,9.6,14,13440,1
13:53:51,9.59,40,38360,-1
13:53:48,9.59,42,40278,-1
13:53:45,9.61,153,147033,1
13:53:42,9.59,47,45073,-1
13:53:39,9.6,213,204480,-1
13:53:36,9.61,50,48050,1
13:53:33,9.59,30,28770,-1
13:53:30,9.6,159,152640,1
13:53:27,9.6,55,52800,1
13:53:24,9.6,44,42240,1
13:53:21,9.6,10,9600,1
13:53:18,9.59,114,109326,-1
13:53:15,9.6,43,41280,1
13:53:12,9.59,52,49868,-1
13:53:09,9.6,58,55680,1
13:53:06,9.6,210,201600,-1
13:53:03,9.61,22,21142,1
13:53:00,9.6,48,46080,-1
13:52:57,9.6,16,15360,-1
13:52:54,9.61,106,101866,1
13:52:51,9.61,12,11532,1
13:52:48,9.61,22,21142,1
13:52:42,9.59,267,256053,-1
13:52:39,9.6,68,65280,1
13:52:36,9.6,50,48000,1
13:52:33,9.6,238,228480,1
13:52:30,9.6,90,86400,1
13:52:27,9.6,61,58560,1
13:52:24,9.6,132,126720,1
13:52:21,9.6,29,27840,1
13:52:18,9.6,1,960,0
13:52:15,9.62,402,386723,1
13:52:12,9.6,9,8640,1
13:52:09,9.6,250,240000,-1
13:52:06,9.61,93,89373,-1
13:52:03,9.59,312,299208,-1
13:52:00,9.61,80,76880,-1
13:51:57,9.61,1,961,-1
13:51:54,9.61,248,238328,1
13:51:51,9.61,72,69192,1
13:51:48,9.6,149,143040,-1
13:51:45,9.6,1,960,-1
13:51:42,9.6,69,66240,1
13:51:39,9.6,37,35520,1
13:51:36,9.59,169,162071,-1
13:51:33,9.6,34,32640,1
13:51:30,9.59,38,36442,-1
13:51:27,9.6,31,29760,1
13:51:24,9.59,240,230160,-1
13:51:21,9.6,73,70080,1
13:51:18,9.59,15,14385,-1
13:51:15,9.59,59,56581,1
13:51:12,9.59,79,75761,-1
13:51:09,9.59,55,52745,1
13:51:06,9.59,102,97818,1
13:51:03,9.58,36,34488,-1
13:51:00,9.58,18,17244,-1
13:50:57,9.59,13,12467,1
13:50:54,9.58,19,18202,-1
13:50:51,9.58,43,41194,1
13:50:48,9.57,190,181830,-1
13:50:45,9.58,51,48858,1
13:50:42,9.57,355,339735,-1
13:50:39,9.57,71,67947,-1
13:50:33,9.57,4,4153,1
13:50:30,9.57,334,319638,1
13:50:27,9.56,45,43020,-1
13:50:24,9.57,30,28710,1
13:50:21,9.57,45,43065,1
13:50:18,9.57,307,294430,-1
13:50:15,9.58,249,238542,1
13:50:12,9.57,397,379929,-1
13:50:09,9.57,221,211497,-1
13:50:06,9.58,57,54606,1
13:50:03,9.57,320,306240,-1
13:50:00,9.57,65,62205,-1
13:49:57,9.58,73,69934,1
13:49:54,9.58,21,20118,0
13:49:51,9.57,142,135894,-1
13:49:48,9.59,54,51786,1
13:49:45,9.58,54,51732,-1
13:49:42,9.58,152,145616,-1
13:49:39,9.59,36,34524,1
13:49:36,9.58,58,55564,-1
13:49:33,9.59,8,7672,1
13:49:30,9.59,21,20139,1
13:49:27,9.59,139,133301,-1
13:49:24,9.59,11,10549,-1
13:49:21,9.6,784,752966,1
13:49:18,9.6,1,960,1
13:49:15,9.6,25,24000,1
13:49:12,9.6,47,45120,1
13:49:09,9.6,3949,3791040,-1
13:49:06,9.61,25,24025,1
13:49:03,9.61,29,27869,1
13:49:00,9.61,43,41323,1
13:48:57,9.61,26,24986,1
13:48:54,9.61,55,52855,1
13:48:51,9.61,196,189288,-1
13:48:48,9.61,82,78802,-1
13:48:45,9.62,64,61567,1
13:48:42,9.61,379,364267,-1
13:48:39,9.61,151,145111,-1
13:48:36,9.61,301,289261,-1
13:48:33,9.61,402,386322,-1
13:48:30,9.62,99,95237,1
13:48:27,9.61,129,123968,-1
13:48:24,9.62,15,14429,-1
13:48:21,9.62,16,15391,1
13:48:18,9.62,356,342472,1
13:48:15,9.61,61,58621,-1
13:48:12,9.62,226,217411,1
13:48:09,9.61,83,79763,-1
13:48:06,9.61,316,303676,-1
13:48:03,9.62,307,295334,1
13:48:00,9.61,35,33635,-1
13:47:57,9.62,141,135642,1
13:47:54,9.61,34,32673,-1
13:47:51,9.62,31,29821,1
13:47:48,9.61,140,134540,-1
13:47:45,9.62,50,48099,1
13:47:42,9.61,70,67270,-1
13:47:39,9.61,64,61504,-1
13:47:36,9.62,55,52909,1
13:47:33,9.61,54,51894,-1
13:47:30,9.61,67,64386,-1
13:47:27,9.62,205,197209,1
13:47:24,9.62,44,42328,1
13:47:21,9.62,70,67340,1
13:47:18,9.62,147,141414,-1
13:47:15,9.62,71,68302,-1
13:47:12,9.62,84,80808,-1
13:47:09,9.62,185,177970,-1
13:47:06,9.62,16,15391,-1
13:47:03,9.62,212,203943,1
13:47:00,9.61,37,35557,-1
13:46:57,9.62,56,53871,1
13:46:54,9.62,118,113515,1
13:46:51,9.61,344,330584,-1
13:46:48,9.61,58,55738,-1
13:46:45,9.62,5,4810,1
13:46:42,9.61,24,23064,-1
13:46:39,9.62,35,33670,1
13:46:36,9.62,7,6733,1
13:46:33,9.61,23,22103,-1
13:46:30,9.62,66,63491,1
13:46:27,9.61,56,53816,-1
13:46:24,9.61,40,38440,-1
13:46:21,9.61,20,19220,-1
13:46:18,9.62,24,23087,1
13:46:15,9.61,516,495875,-1
13:46:12,9.62,158,151996,1
13:46:09,9.61,56,53816,-1
13:46:06,9.61,358,344979,-1
13:46:03,9.62,6,5771,1
13:46:00,9.62,14,13467,1
13:45:57,9.62,212,203963,-1
13:45:54,9.63,10,9630,1
13:45:48,9.62,71,69244,-1
13:45:45,9.62,36,34632,-1
13:45:42,9.63,75,72225,1
13:45:36,9.62,13,12505,-1
13:45:33,9.63,67,64521,1
13:45:27,9.63,189,182007,-1
13:45:24,9.63,21,20223,-1
13:45:21,9.63,100,96300,-1
13:45:18,9.63,21,20223,-1
13:45:15,9.64,3,2892,1
13:45:12,9.63,20,19260,-1
13:45:09,9.64,29,27956,1
13:45:06,9.64,26,25064,1
13:45:03,9.64,75,72300,-1
13:44:57,9.64,42,40488,1
13:44:54,9.63,27,26001,-1
13:44:51,9.64,5,4820,0
13:44:48,9.65,1617,1560405,1
13:44:45,9.64,23,22172,1
13:44:42,9.64,44,42416,-1
13:44:39,9.64,2,1928,1
13:44:36,9.63,100,96300,-1
13:44:30,9.64,30,28920,0
13:44:27,9.65,138,133170,1
13:44:24,9.64,1,964,-1
13:44:18,9.64,55,53020,-1
13:44:12,9.64,181,174484,1
13:44:09,9.64,125,120500,1
13:44:06,9.63,16,15408,-1
13:44:03,9.64,30,28920,1
13:44:00,9.63,72,69336,-1
13:43:57,9.64,33,31812,1
13:43:54,9.63,26,25038,-1
13:43:51,9.64,123,118572,1
13:43:48,9.63,25,24075,-1
13:43:42,9.63,1068,1028484,1
13:43:39,9.62,203,195285,-1
13:43:36,9.62,40,38480,-1
13:43:30,9.62,8,7695,-1
13:43:27,9.62,207,199133,1
13:43:24,9.62,10,9620,1
13:43:21,9.62,124,119287,-1
13:43:18,9.62,5,4810,-1
13:43:15,9.62,5,4810,-1
13:43:12,9.62,7,6733,1
13:43:09,9.62,118,113515,1
13:43:06,9.62,1,961,1
13:43:03,9.62,40,38480,1
13:43:00,9.62,52,50023,1
13:42:57,9.62,11,10582,1
13:42:54,9.61,60,57660,-1
13:42:51,9.63,247,237861,1
13:42:48,9.62,37,35594,-1
13:42:42,9.62,88,84656,1
13:42:33,9.61,2,1922,-1
13:42:27,9.62,2,1923,1
13:42:24,9.61,30,28830,-1
13:42:18,9.62,2,1923,1
13:42:09,9.61,28,26908,-1
13:42:06,9.62,55,52909,0
13:42:03,9.61,500,480500,-1
13:42:00,9.62,9,8658,-1
13:41:57,9.63,174,167562,1
13:41:54,9.62,178,171236,-1
13:41:51,9.63,132,127116,1
13:41:48,9.63,19,18297,1
13:41:45,9.62,29,27897,-1
13:41:42,9.62,12,11543,-1
13:41:39,9.62,30,28859,-1
13:41:36,9.62,81,77922,0
13:41:27,9.63,111,106893,1
13:41:24,9.61,20,19220,-1
13:41:21,9.61,34,32673,-1
13:41:18,9.62,1032,992783,1
13:41:15,9.62,34,32707,1
13:41:12,9.62,125,120249,1
13:41:09,9.61,70,67270,-1
13:41:06,9.61,1,961,-1
13:41:03,9.62,5,4810,1
13:40:54,9.61,20,19220,-1
13:40:51,9.61,1,961,-1
13:40:45,9.61,80,76880,-1
13:40:42,9.62,224,216219,-1
13:40:39,9.62,38,36556,-1
13:40:36,9.63,2,1926,1
13:40:33,9.63,10,9630,1
13:40:30,9.63,10,9630,1
13:40:27,9.62,7,6733,-1
13:40:24,9.62,19,18278,-1
13:40:21,9.62,36,34632,-1
13:40:18,9.63,22,21186,1
13:40:15,9.62,44,42328,-1
13:40:12,9.62,10,9620,-1
13:40:09,9.62,16,15391,-1
13:40:06,9.63,10,9630,1
13:40:03,9.63,110,105930,1
13:40:00,9.62,62,59643,-1
13:39:57,9.62,138,132756,-1
13:39:54,9.63,54,52002,1
13:39:51,9.62,337,324194,-1
13:39:48,9.62,60,57719,-1
13:39:45,9.63,144,138672,1
13:39:42,9.62,105,101009,-1
13:39:39,9.62,9,8658,-1
13:39:36,9.62,20,19240,-1
13:39:33,9.63,5,4815,1
13:39:30,9.63,139,133857,1
13:39:27,9.63,55,52965,1
13:39:24,9.63,67,64521,1
13:39:21,9.63,1,963,1
13:39:18,9.62,7,6733,-1
13:39:15,9.63,162,156006,1
13:39:12,9.63,9,8667,1
13:39:09,9.62,13,12505,-1
13:39:06,9.63,388,373644,-1
13:39:03,9.63,126,121338,-1
13:39:00,9.63,90,86670,-1
13:38:57,9.63,20,19260,-1
13:38:54,9.63,10,9630,-1
13:38:48,9.63,100,96300,-1
13:38:45,9.63,30,28890,-1
13:38:42,9.63,33,31779,1
13:38:39,9.62,2,1923,-1
13:38:36,9.63,9,8667,1
13:38:33,9.62,17,16353,-1
13:38:30,9.63,37,35631,1
13:38:27,9.62,142,136604,-1
13:38:24,9.64,49,47236,1
13:38:21,9.63,26,25038,1
13:38:18,9.62,18,17316,-1
13:38:15,9.64,4,3856,1
13:38:12,9.63,48,46224,-1
13:38:09,9.63,87,83781,1
13:38:06,9.63,28,26964,1
13:38:03,9.63,2,1926,1
13:38:00,9.62,48,46175,-1
13:37:57,9.63,46,44298,-1
13:37:54,9.63,27,26001,0
13:37:51,9.64,158,152312,1
13:37:48,9.63,10,9630,-1
13:37:45,9.63,48,46224,-1
13:37:42,9.63,32,30816,-1
13:37:39,9.63,26,25038,-1
13:37:36,9.65,43,41495,1
13:37:33,9.63,2000,1926000,-1
13:37:30,9.64,24,23136,-1
13:37:27,9.64,19,18316,-1
13:37:24,9.65,10,9650,1
13:37:21,9.65,10,9650,1
13:37:18,9.65,140,135100,1
13:37:15,9.65,181,174693,-1
13:37:12,9.65,49,47285,-1
13:37:09,9.65,32,30880,-1
13:37:06,9.66,15,14490,1
13:37:03,9.65,34,32810,-1
13:37:00,9.65,67,64655,-1
13:36:57,9.66,87,84042,1
13:36:54,9.66,45,43470,1
13:36:51,9.65,10,9650,-1
13:36:48,9.65,78,75270,-1
13:36:45,9.66,2,1932,1
13:36:42,9.65,12,11580,-1
13:36:39,9.65,28,27020,-1
13:36:36,9.66,60,57960,1
13:36:33,9.65,50,48250,-1
13:36:27,9.65,10,9650,-1
13:36:24,9.66,115,111090,1
13:36:21,9.66,162,156492,1
13:36:18,9.65,22,21230,-1
13:36:15,9.66,68,65688,1
13:36:12,9.65,300,289500,-1
13:36:09,9.65,16,15440,-1
13:36:03,9.66,198,191268,1
13:36:00,9.66,101,97566,1
13:35:54,9.66,105,101430,1
13:35:51,9.65,49,47285,-1
13:35:48,9.65,14,13510,-1
13:35:45,9.66,18,17388,1
13:35:42,9.65,56,54040,-1
13:35:39,9.65,38,36670,-1
13:35:36,9.66,3,2898,0
13:35:33,9.67,27,26109,1
13:35:30,9.65,100,96500,-1
13:35:24,9.67,73,70591,1
13:35:21,9.65,3,2895,-1
13:35:15,9.67,234,226278,1
13:35:12,9.66,17,16422,1
13:35:09,9.66,39,37674,1
13:35:06,9.65,8,7720,-1
13:35:03,9.66,197,190302,1
13:35:00,9.65,84,81060,-1
13:34:57,9.66,108,104328,1
13:34:51,9.66,2,1932,1
13:34:48,9.66,25,24150,1
13:34:45,9.65,92,88780,-1
13:34:42,9.65,12,11580,-1
13:34:39,9.65,66,63690,-1
13:34:36,9.66,9,8694,1
13:34:33,9.66,220,212520,1
13:34:30,9.66,262,253092,-1
13:34:27,9.67,32,30944,1
13:34:24,9.66,22,21252,-1
13:34:21,9.67,36,34812,1
13:34:18,9.66,65,62790,-1
13:34:15,9.67,117,113139,1
13:34:12,9.67,333,322011,1
13:34:09,9.67,24,23208,1
13:34:06,9.67,110,106370,1
13:34:03,9.67,143,138281,1
13:34:00,9.67,22,21274,1
13:33:57,9.67,33,31911,1
13:33:54,9.67,101,97667,1
13:33:51,9.67,186,179862,1
13:33:48,9.67,46,44482,1
13:33:45,9.66,26,25116,-1
13:33:42,9.67,43,41581,1
13:33:39,9.66,56,54096,-1
13:33:36,9.66,358,345828,1
13:33:33,9.66,399,385434,1
13:33:30,9.66,91,87906,1
13:33:27,9.66,5,4830,1
13:33:24,9.66,13,12558,1
13:33:21,9.66,53,51198,1
13:33:18,9.65,6,5790,-1
13:33:15,9.66,19,18354,1
13:33:12,9.65,35,34711,1
13:33:09,9.64,71,68472,-1
13:33:06,9.65,67,65591,1
13:33:03,9.65,147,141883,-1
13:33:00,9.65,43,42431,1
13:32:57,9.65,23,22195,1
13:32:51,9.65,143,137995,1
13:32:48,9.65,11,10615,1
13:32:45,9.64,51,49164,-1
13:32:42,9.65,49,47285,1
13:32:39,9.64,30,28920,-1
13:32:36,9.65,104,100360,1
13:32:33,9.65,295,284675,1
13:32:30,9.65,5,4825,1
13:32:24,9.65,24,23160,1
13:32:21,9.64,117,112788,-1
13:32:15,9.64,141,135924,1
13:32:12,9.64,60,57840,1
13:32:09,9.64,16,15424,1
13:32:06,9.64,116,111824,1
13:32:03,9.64,24,23136,1
13:32:00,9.64,123,118572,-1
13:31:57,9.65,3,2895,1
13:31:54,9.65,166,160190,1
13:31:51,9.64,10,9640,-1
13:31:48,9.65,30,28950,1
13:31:45,9.64,44,42416,-1
13:31:42,9.64,82,79048,-1
13:31:33,9.64,175,168700,1
13:31:30,9.64,70,67480,1
13:31:27,9.63,20,19260,-1
13:31:24,9.64,18,17352,1
13:31:21,9.63,13,12519,-1
13:31:18,9.64,27,26028,1
13:31:15,9.64,40,38560,1
13:31:12,9.64,10,9640,1
13:31:09,9.63,18,17334,-1
13:31:06,9.64,21,20244,1
13:31:03,9.63,112,107856,-1
13:31:00,9.64,34,32776,1
13:30:57,9.63,65,62595,-1
13:30:54,9.64,13,12532,1
13:30:51,9.64,29,27956,1
13:30:48,9.64,103,99292,1
13:30:45,9.63,39,37557,-1
13:30:42,9.64,334,321976,1
13:30:36,9.64,13,12532,1
13:30:33,9.64,1553,1497092,-1
13:30:30,9.65,224,217115,1
13:30:27,9.64,159,153276,1
13:30:21,9.64,22,21208,1
13:30:18,9.63,10,9630,-1
13:30:15,9.64,22,21208,1
13:30:12,9.64,200,192800,1
13:30:09,9.63,24,23112,-1
13:30:06,9.63,20,19260,-1
13:30:03,9.64,15,14460,1
13:30:00,9.64,55,53020,1
13:29:57,9.64,15,14460,1
13:29:54,9.63,46,44298,-1
13:29:51,9.63,336,323568,-1
13:29:48,9.63,909,875367,-1
13:29:45,9.63,50,48150,-1
13:29:42,9.63,22,21186,-1
13:29:39,9.63,50,48150,-1
13:29:36,9.63,7,6741,-1
13:29:33,9.63,188,181044,-1
13:29:30,9.64,11,10604,1
13:29:27,9.62,43,41366,-1
13:29:24,9.63,19,18297,1
13:29:21,9.64,51,49164,1
13:29:18,9.63,11,10593,1
13:29:15,9.63,34,32742,1
13:29:12,9.63,11,10593,1
13:29:09,9.63,186,179118,-1
13:29:06,9.63,126,121338,-1
13:29:03,9.63,25,24075,-1
13:29:00,9.63,39,37557,-1
13:28:57,9.63,5,4815,-1
13:28:48,9.63,45,43335,-1
13:28:45,9.63,35,33705,-1
13:28:42,9.63,37,35631,-1
13:28:39,9.63,54,52002,-1
13:28:36,9.63,66,63558,-1
13:28:33,9.63,374,360162,1
13:28:27,9.62,38,36556,-1
13:28:24,9.63,7,6741,1
13:28:21,9.63,124,119412,1
13:28:18,9.63,73,70299,1
13:28:12,9.63,111,106893,1
13:28:09,9.62,144,138528,-1
13:28:06,9.62,91,87542,-1
13:28:03,9.62,14,13467,-1
13:28:00,9.62,10,9620,-1
13:27:57,9.63,26,25038,1
13:27:54,9.63,64,61632,1
13:27:51,9.62,120,115439,-1
13:27:48,9.62,55,52909,-1
13:27:45,9.62,10,9620,-1
13:27:42,9.62,17,16353,-1
13:27:39,9.62,40,38480,-1
13:27:36,9.62,32,30783,-1
13:27:33,9.63,5,4815,1
13:27:30,9.62,75,72150,-1
13:27:27,9.62,5,4810,-1
13:27:24,9.63,6,5778,1
13:27:21,9.62,5,4810,-1
13:27:18,9.63,71,68373,1
13:27:15,9.63,15,14445,1
13:27:12,9.63,10,9630,1
13:27:09,9.63,310,298530,-1
13:27:03,9.64,17,16388,1
13:27:00,9.63,269,259047,-1
13:26:57,9.63,5,4815,-1
13:26:54,9.64,50,48200,1
13:26:51,9.63,96,92448,-1
13:26:48,9.63,4,3852,-1
13:26:45,9.63,70,67410,-1
13:26:42,9.64,17,16388,1
13:26:39,9.63,6,5778,-1
13:26:36,9.64,68,65552,1
13:26:33,9.63,8,7704,-1
13:26:30,9.63,2,1926,-1
13:26:27,9.63,20,19260,1
13:26:24,9.64,230,221720,1
13:26:21,9.64,43,41452,1
13:26:18,9.63,134,129282,1
13:26:15,9.62,52,50023,-1
13:26:12,9.62,55,52909,-1
13:26:09,9.62,33,31745,-1
13:26:06,9.62,129,124097,-1
13:26:03,9.63,211,203193,1
13:26:00,9.63,300,288900,1
13:25:57,9.62,48,46175,-1
13:25:54,9.62,4,3847,-1
13:25:51,9.63,37,35631,1
13:25:48,9.62,30,28859,-1
13:25:45,9.62,10,9620,-1
13:25:42,9.62,47,45213,-1
13:25:39,9.62,5,4810,-1
13:25:36,9.62,38,36556,-1
13:25:33,9.63,214,206082,1
13:25:30,9.62,17,16353,-1
13:25:27,9.63,115,110745,1
13:25:21,9.62,19,18278,-1
13:25:18,9.63,61,58743,1
13:25:15,9.62,29,27897,-1
13:25:12,9.62,39,37518,-1
13:25:09,9.62,66,63491,-1
13:25:06,9.62,97,93313,-1
13:25:03,9.62,10,9620,-1
13:25:00,9.63,23,22149,1
13:24:57,9.63,26,25038,1
13:24:48,9.62,101,97161,-1
13:24:45,9.62,22,21164,-1
13:24:42,9.63,112,107856,1
13:24:39,9.63,113,108819,1
13:24:27,9.62,66,63491,-1
13:24:24,9.62,8,7695,-1
13:24:21,9.63,306,294678,1
13:24:18,9.62,112,107743,-1
13:24:15,9.63,11,10593,1
13:24:09,9.63,66,63558,1
13:23:54,9.63,11,10593,1
13:23:51,9.63,17,16371,1
13:23:48,9.63,1,963,1
13:23:45,9.62,32,30783,-1
13:23:42,9.63,27,26001,-1
13:23:39,9.63,20,19260,-1
13:23:36,9.64,26,25064,1
13:23:33,9.64,12,11568,1
13:23:30,9.62,20,19240,-1
13:23:27,9.64,20,19280,1
13:23:24,9.63,35,33705,-1
13:23:21,9.63,172,165636,1
13:23:18,9.63,69,66447,1
13:23:15,9.62,10,9620,-1
13:23:12,9.63,12,11556,1
13:23:09,9.63,43,41409,1
13:23:06,9.63,1,963,1
13:23:03,9.63,11,10593,1
13:23:00,9.63,63,60669,1
13:22:54,9.63,262,252306,-1
13:22:51,9.64,68,65552,1
13:22:48,9.63,10,9630,-1
13:22:42,9.63,151,145413,-1
13:22:39,9.64,27,26028,1
13:22:36,9.63,14,13482,-1
13:22:33,9.63,52,50076,-1
13:22:30,9.64,55,53020,1
13:22:27,9.63,15,14445,-1
13:22:24,9.64,11,10604,1
13:22:21,9.63,10,9630,-1
13:22:18,9.64,30,28920,1
13:22:15,9.64,82,79048,1
13:22:12,9.64,26,25064,1
13:22:09,9.63,15,14445,-1
13:22:06,9.64,273,263172,1
13:22:03,9.63,117,112671,-1
13:22:00,9.64,145,139780,1
13:21:54,9.64,51,49164,1
13:21:51,9.64,58,55912,1
13:21:48,9.63,136,130968,-1
13:21:45,9.64,10,9640,-1
13:21:42,9.64,32,30848,-1
13:21:39,9.64,277,267028,1
13:21:36,9.63,8,7704,-1
13:21:33,9.63,20,19260,-1
13:21:30,9.63,23,22149,-1
13:21:27,9.64,125,120500,1
13:21:24,9.63,36,34668,-1
13:21:18,9.63,10,9630,-1
13:21:15,9.63,61,58743,-1
13:21:12,9.64,40,38560,1
13:21:09,9.62,123,118325,-1
13:21:06,9.63,10,9630,1
13:21:00,9.63,27,26001,1
13:20:57,9.63,115,110745,1
13:20:54,9.63,58,55854,1
13:20:51,9.63,51,49113,1
13:20:48,9.63,9,8667,-1
13:20:45,9.63,189,182007,-1
13:20:42,9.63,140,134820,-1
13:20:39,9.63,16,15408,-1
13:20:36,9.63,35,33705,-1
13:20:33,9.63,5,4815,-1
13:20:30,9.63,31,29853,-1
13:20:24,9.63,72,69336,-1
13:20:21,9.63,30,28890,-1
13:20:18,9.64,26,25064,1
13:20:15,9.63,64,61632,-1
13:20:12,9.64,100,96400,1
13:20:09,9.63,43,41409,-1
13:20:06,9.64,91,87724,1
13:20:00,9.64,59,56876,1
13:19:57,9.63,10,9630,-1
13:19:54,9.63,5,4815,-1
13:19:51,9.62,100,96199,-1
13:19:48,9.64,44,42416,1
13:19:45,9.62,11,10582,-1
13:19:42,9.63,24,23112,-1
13:19:39,9.63,37,35631,1
13:19:36,9.63,173,166599,-1
13:19:30,9.63,88,84744,1
13:19:27,9.63,102,98226,1
13:19:24,9.63,26,25038,1
13:19:21,9.63,9,8667,1
13:19:18,9.63,1,963,1
13:19:15,9.62,20,19240,-1
13:19:12,9.62,30,28859,-1
13:19:09,9.63,31,29853,0
13:19:00,9.62,16,15391,-1
13:18:57,9.62,32,30783,-1
13:18:54,9.62,45,43290,-1
13:18:51,9.64,1,964,1
13:18:48,9.62,4,3847,-1
13:18:45,9.62,73,70226,-1
13:18:42,9.64,22,21208,1
13:18:39,9.64,861,830004,1
13:18:33,9.62,23,22126,1
13:18:27,9.63,290,279270,1
13:18:24,9.62,26,25011,1
13:18:21,9.62,19,18278,1
13:18:18,9.62,55,52909,1
13:18:15,9.62,201,193361,-1
13:18:12,9.63,5,4815,1
13:18:09,9.63,23,22149,1
13:18:06,9.63,1,963,1
13:18:03,9.63,173,166599,1
13:18:00,9.62,92,88504,-1
13:17:57,9.62,12,11543,-1
13:17:54,9.63,64,61632,1
13:17:51,9.63,54,52002,1
13:17:48,9.61,8,7688,-1
13:17:45,9.62,25,24049,-1
13:17:42,9.62,202,194323,1
13:17:39,9.61,70,67270,-1
13:17:36,9.62,282,271284,1
13:17:33,9.62,36,34632,1
13:17:27,9.61,66,63425,-1
13:17:24,9.61,52,49972,-1
13:17:21,9.62,295,283790,1
13:17:18,9.62,67,64453,1
13:17:15,9.62,23,22126,1
13:17:12,9.61,228,219108,-1
13:17:09,9.61,23,22103,-1
13:17:06,9.62,30,28859,1
13:17:03,9.62,40,38480,1
13:17:00,9.62,81,77922,1
13:16:57,9.61,22,21142,-1
13:16:54,9.62,10,9620,1
13:16:51,9.62,28,26935,1
13:16:48,9.62,20,19240,1
13:16:45,9.62,520,500239,1
13:16:42,9.62,53,50985,1
13:16:39,9.61,7,6727,-1
13:16:36,9.61,67,64386,-1
13:16:33,9.61,189,181629,-1
13:16:30,9.61,135,129734,-1
13:16:27,9.61,40,38440,-1
13:16:24,9.61,52,49972,-1
13:16:15,9.61,112,107632,-1
13:16:12,9.62,138,132756,1
13:16:09,9.61,41,39401,-1
13:16:06,9.62,8,7695,1
13:16:03,9.61,586,563146,-1
13:15:57,9.62,10,9620,1
13:15:54,9.61,21,20181,-1
13:15:51,9.61,123,118203,-1
13:15:48,9.61,2,1922,-1
13:15:45,9.61,53,50933,-1
13:15:42,9.62,103,99085,1
13:15:39,9.61,55,52855,-1
13:15:36,9.61,101,97061,-1
13:15:33,9.61,16,15376,-1
13:15:30,9.61,112,107632,-1
13:15:27,9.62,43,41366,1
13:15:24,9.62,85,81770,1
13:15:21,9.62,50,48099,1
13:15:18,9.62,68,65415,1
13:15:15,9.62,173,166426,-1
13:15:12,9.62,76,73112,-1
13:15:09,9.62,24,23087,-1
13:15:06,9.62,44,42328,-1
13:15:03,9.62,73,70226,-1
13:14:57,9.62,148,142376,1
13:14:54,9.61,60,57660,-1
13:14:51,9.62,400,384799,1
13:14:48,9.62,92,88504,1
13:14:45,9.62,129,124097,1
13:14:42,9.61,153,147033,-1
13:14:39,9.62,63,60605,-1
13:14:36,9.61,130,124929,-1
13:14:30,9.62,140,134680,1
13:14:27,9.61,55,52855,-1
13:14:24,9.61,116,111476,-1
13:14:21,9.62,1,961,1
13:14:18,9.62,22,21164,1
13:14:15,9.62,110,105819,1
13:14:12,9.62,1127,1084241,-1
13:14:09,9.63,37,35631,-1
13:14:06,9.63,36,34668,-1
13:14:03,9.64,135,130140,1
13:14:00,9.63,231,222453,-1
13:13:57,9.63,54,52002,-1
13:13:54,9.63,481,464098,-1
13:13:51,9.63,60,57780,-1
13:13:48,9.63,14,13482,-1
13:13:45,9.64,43,41452,1
13:13:42,9.63,10,9630,-1
13:13:39,9.63,183,176229,-1
13:13:36,9.64,35,33740,1
13:13:33,9.64,1,964,1
13:13:30,9.64,85,81940,-1
13:13:27,9.64,105,101220,-1
13:13:24,9.64,76,73264,-1
13:13:21,9.64,101,97364,-1
13:13:18,9.64,5,4820,-1
13:13:15,9.64,45,43380,-1
13:13:12,9.65,70,67550,1
13:13:09,9.64,153,147492,-1
13:13:06,9.65,5,4825,1
13:13:00,9.65,46,44418,-1
13:12:57,9.66,58,56028,1
13:12:54,9.66,8,7728,1
13:12:51,9.65,227,219055,-1
13:12:48,9.66,26,25116,1
13:12:45,9.65,16,15440,-1
13:12:42,9.66,102,98532,1
13:12:39,9.65,389,375385,-1
13:12:36,9.66,23,22218,1
13:12:30,9.65,96,93576,-1
13:12:27,9.65,100,96500,-1
13:12:24,9.65,24,23160,-1
13:12:21,9.66,9,8694,1
13:12:18,9.66,29,28014,1
13:12:12,9.66,27,26082,1
13:12:09,9.65,124,119660,-1
13:12:06,9.67,34,32878,1
13:12:03,9.66,48,46368,-1
13:12:00,9.67,487,470929,1
13:11:57,9.66,36,34776,-1
13:11:54,9.66,83,80178,-1
13:11:51,9.66,25,24150,-1
13:11:48,9.66,40,38640,-1
13:11:45,9.66,110,106260,-1
13:11:42,9.66,97,93702,-1
13:11:39,9.66,30,28980,-1
13:11:36,9.66,637,615342,1
13:11:33,9.65,15,14475,1
13:11:30,9.65,6,5790,1
13:11:24,9.65,75,72375,1
13:11:21,9.64,301,290164,-1
13:11:18,9.65,34,32810,-1
13:11:15,9.65,171,165015,-1
13:11:12,9.65,5,4825,-1
13:11:09,9.65,59,56935,-1
13:11:06,9.66,55,53130,1
13:11:03,9.66,1,966,1
13:11:00,9.66,80,77280,-1
13:10:57,9.66,296,285936,-1
13:10:54,9.67,84,81228,1
13:10:51,9.66,21,20286,-1
13:10:48,9.67,77,74459,1
13:10:45,9.66,47,45402,-1
13:10:42,9.66,17,16422,-1
13:10:39,9.67,107,103469,1
13:10:36,9.66,17,16422,-1
13:10:33,9.66,13,12558,-1
13:10:30,9.66,62,59892,-1
13:10:27,9.66,38,36708,-1
13:10:24,9.66,42,40572,-1
13:10:21,9.67,14,13538,1
13:10:18,9.66,83,80178,-1
13:10:15,9.66,2,1932,-1
13:10:12,9.66,10,9660,-1
13:10:09,9.66,29,28014,-1
13:10:06,9.67,10,9670,1
13:10:03,9.66,71,68586,-1
13:10:00,9.67,2,1934,1
13:09:57,9.67,64,61888,-1
13:09:54,9.67,41,39647,-1
13:09:51,9.68,243,235224,1
13:09:48,9.67,70,67690,-1
13:09:45,9.67,69,66723,-1
13:09:42,9.67,578,558926,-1
13:09:39,9.67,81,78327,-1
13:09:36,9.68,126,121968,1
13:09:33,9.67,31,29977,-1
13:09:30,9.67,16,15472,-1
13:09:27,9.67,9,8703,-1
13:09:24,9.68,6,5808,1
13:09:18,9.68,600,581526,-1
13:09:15,9.68,99,95832,-1
13:09:12,9.69,97,93993,1
13:09:09,9.68,164,158752,-1
13:09:03,9.69,40,38760,1
13:09:00,9.69,6,5814,1
13:08:57,9.68,32,30976,-1
13:08:54,9.69,172,166668,1
13:08:51,9.69,41,39729,1
13:08:48,9.69,110,106590,1
13:08:45,9.69,28,27132,1
13:08:42,9.69,26,25194,1
13:08:39,9.68,206,199785,-1
13:08:36,9.69,221,214149,-1
13:08:33,9.69,135,130815,-1
13:08:30,9.69,135,131406,-1
13:08:27,9.69,27,26163,-1
13:08:24,9.69,115,111435,-1
13:08:21,9.69,26,25194,-1
13:08:18,9.7,6,5820,1
13:08:15,9.7,67,64989,1
13:08:12,9.7,109,105729,1
13:08:09,9.69,36,34884,-1
13:08:06,9.7,234,226979,1
13:08:03,9.69,21,20349,-1
13:08:00,9.69,20,19380,-1
13:07:57,9.7,139,134830,1
13:07:54,9.7,98,95060,1
13:07:51,9.7,153,148410,1
13:07:48,9.7,26,25219,1
13:07:45,9.7,161,156170,1
13:07:42,9.7,104,100879,1
13:07:39,9.69,23,22287,-1
13:07:36,9.7,155,150350,1
13:07:33,9.69,97,93993,-1
13:07:30,9.7,235,227949,1
13:07:27,9.69,37,35853,-1
13:07:24,9.69,309,299421,-1
13:07:21,9.69,98,94962,-1
13:07:18,9.7,17,16490,1
13:07:15,9.7,13,12609,1
13:07:12,9.7,85,82450,1
13:07:09,9.69,1053,1020357,-1
13:07:06,9.69,77,74613,-1
13:07:03,9.69,60,58140,-1
13:07:00,9.69,225,218025,1
13:06:57,9.69,202,195738,1
13:06:54,9.69,35,33915,1
13:06:51,9.69,729,706401,1
13:06:48,9.69,199,192831,1
13:06:45,9.68,86,83248,-1
13:06:42,9.68,300,290400,-1
13:06:39,9.68,69,66792,-1
13:06:36,9.68,54,52272,-1
13:06:33,9.68,100,96800,-1
13:06:30,9.68,40,38720,-1
13:06:27,9.68,1116,1080530,1
13:06:24,9.67,34,32878,-1
13:06:21,9.68,88,85184,1
13:06:18,9.67,8,7736,-1
13:06:15,9.67,1,967,-1
13:06:12,9.68,11,10648,1
13:06:09,9.68,35,33880,1
13:06:06,9.67,21,20307,-1
13:06:03,9.67,279,269793,-1
13:06:00,9.67,5,4835,-1
13:05:57,9.67,118,114106,1
13:05:54,9.67,336,324912,1
13:05:51,9.66,77,74382,-1
13:05:48,9.67,34,32878,1
13:05:45,9.67,56,54152,1
13:05:39,9.66,19,18354,-1
13:05:36,9.66,1,966,-1
13:05:33,9.66,42,40572,1
13:05:30,9.65,6,5790,-1
13:05:27,9.66,6,5796,1
13:05:24,9.66,10,9660,1
13:05:21,9.66,6,5796,0
13:05:18,9.67,1110,1073370,1
13:05:15,9.66,8,7728,1
13:05:12,9.66,292,282072,-1
13:05:09,9.66,102,98532,-1
13:05:06,9.66,45,43470,-1
13:05:03,9.66,65,62790,-1
13:05:00,9.66,20,19320,-1
13:04:57,9.66,66,63756,-1
13:04:54,9.67,166,160522,1
13:04:51,9.65,217,209405,-1
13:04:48,9.65,16,15440,-1
13:04:45,9.65,57,55005,-1
13:04:42,9.66,277,267582,1
13:04:39,9.66,10,9660,1
13:04:36,9.66,56,54096,1
13:04:33,9.65,31,29915,-1
13:04:30,9.66,67,64722,1
13:04:27,9.66,182,175812,-1
13:04:21,9.66,94,90804,-1
13:04:18,9.67,126,121842,1
13:04:15,9.66,36,34776,-1
13:04:12,9.66,12,11592,-1
13:04:09,9.66,48,46368,-1
13:04:06,9.66,65,62790,1
13:04:03,9.66,14,13524,1
13:04:00,9.66,55,53130,-1
13:03:57,9.66,40,38640,-1
13:03:54,9.66,140,135240,-1
13:03:51,9.66,29,28014,-1
13:03:48,9.67,153,147951,1
13:03:45,9.66,11,10626,-1
13:03:42,9.66,137,132342,-1
13:03:39,9.66,60,57960,-1
13:03:36,9.66,110,106260,-1
13:03:33,9.67,144,139248,1
13:03:30,9.66,115,111090,-1
13:03:27,9.66,88,85008,-1
13:03:24,9.67,310,299770,1
13:03:21,9.67,14,13538,1
13:03:18,9.66,164,158424,-1
13:03:15,9.67,76,73492,-1
13:03:12,9.67,70,67690,-1
13:03:09,9.67,163,157621,-1
13:03:06,9.67,146,141182,-1
13:03:03,9.67,116,112172,-1
13:03:00,9.67,43,41581,-1
13:02:57,9.68,30,29040,1
13:02:54,9.68,149,144232,1
13:02:51,9.67,45,43515,-1
13:02:48,9.67,13,12571,-1
13:02:45,9.67,117,113139,-1
13:02:42,9.67,72,69624,-1
13:02:39,9.67,30,29010,-1
13:02:36,9.67,12,11604,-1
13:02:33,9.67,47,45449,1
13:02:30,9.66,22,21252,-1
13:02:27,9.66,130,125580,-1
13:02:24,9.66,27,26082,-1
13:02:21,9.67,190,183730,1
13:02:18,9.67,6,5802,1
13:02:15,9.67,58,56086,1
13:02:12,9.67,94,90898,1
13:02:09,9.67,409,395503,-1
13:02:06,9.68,179,173272,1
13:02:03,9.68,56,54208,1
13:02:00,9.67,51,49317,-1
13:01:57,9.68,25,24200,1
13:01:54,9.67,105,101535,-1
13:01:51,9.68,22,21296,1
13:01:48,9.68,90,87120,1
13:01:45,9.67,45,43515,-1
13:01:42,9.68,299,290158,-1
13:01:39,9.68,60,58080,-1
13:01:36,9.69,169,163761,1
13:01:33,9.69,10,9690,1
13:01:30,9.68,32,30976,-1
13:01:27,9.69,170,164730,-1
13:01:24,9.69,515,499277,1
13:01:21,9.67,152,147109,-1
13:01:18,9.69,135,130815,1
13:01:15,9.68,53,51304,-1
13:01:12,9.69,309,299421,1
13:01:09,9.68,119,115192,-1
13:01:06,9.69,22,21318,1
13:01:03,9.69,123,119187,1
13:01:00,9.69,2035,1972758,1
13:00:57,9.67,29,28043,1
13:00:54,9.67,253,244776,-1
13:00:51,9.68,135,130680,1
13:00:48,9.67,30,29010,-1
13:00:45,9.68,197,191538,1
13:00:42,9.67,268,259156,1
13:00:39,9.67,344,332648,1
13:00:36,9.67,14,13538,-1
13:00:33,9.68,248,240064,1
13:00:30,9.68,11,10648,1
13:00:27,9.68,36,34848,1
13:00:24,9.68,43,41624,1
13:00:21,9.68,300,290400,1
13:00:18,9.68,40,38720,1
13:00:15,9.68,60,58080,1
13:00:12,9.66,134,129444,0
13:00:09,9.68,1016,984446,1
13:00:06,9.65,3981,3841674,0
13:00:03,9.64,490,472360,-1
11:30:03,9.65,36,34740,1
11:30:00,9.64,71,68444,-1
11:29:57,9.64,34,32776,-1
11:29:54,9.65,116,111940,1
11:29:51,9.64,6,5784,-1
11:29:45,9.64,254,244856,-1
11:29:42,9.65,72,69480,1
11:29:39,9.64,88,84832,-1
11:29:36,9.65,150,144750,-1
11:29:33,9.65,165,159225,1
11:29:30,9.65,51,49215,-1
11:29:27,9.66,41,39606,1
11:29:24,9.66,143,138138,1
11:29:21,9.65,50,48250,1
11:29:18,9.65,23,22310,-1
11:29:15,9.66,140,135240,1
11:29:12,9.66,290,280990,1
11:29:09,9.65,338,326285,-1
11:29:03,9.67,48,46416,1
11:29:00,9.66,57,55062,0
11:28:57,9.65,62,59830,-1
11:28:54,9.66,15,14490,1
11:28:45,9.66,15,14490,0
11:28:42,9.67,50,48350,1
11:28:39,9.66,206,198996,-1
11:28:36,9.68,310,300080,1
11:28:33,9.67,83,80261,1
11:28:30,9.67,1177,1138168,-1
11:28:27,9.68,125,121000,1
11:28:21,9.68,79,76472,1
11:28:18,9.68,95,91960,1
11:28:15,9.68,459,444312,1
11:28:12,9.68,121,117128,1
11:28:09,9.68,491,475288,-1
11:28:06,9.69,13,12597,1
11:28:03,9.68,5,4840,-1
11:28:00,9.68,685,663080,-1
11:27:57,9.68,419,405592,-1
11:27:54,9.68,14,13552,-1
11:27:51,9.69,248,240312,1
11:27:48,9.68,27,26136,-1
11:27:45,9.68,181,175208,-1
11:27:42,9.68,110,106480,-1
11:27:39,9.68,382,369776,1
11:27:36,9.67,58,56086,-1
11:27:33,9.67,67,64789,-1
11:27:30,9.67,150,146007,-1
11:27:27,9.67,59,57053,1
11:27:24,9.66,514,496524,-1
11:27:21,9.68,15,14520,1
11:27:18,9.67,7,6769,1
11:27:15,9.68,91,88088,1
11:27:12,9.67,65,62855,1
11:27:09,9.67,550,532700,1
11:27:06,9.67,48,46416,-1
11:27:03,9.68,107,103576,1
11:27:00,9.68,176,170368,1
11:26:57,9.67,150,145050,-1
11:26:54,9.68,34,32912,1
11:26:51,9.69,1042,1009698,1
11:26:48,9.69,602,583338,1
11:26:45,9.68,569,551392,-1
11:26:42,9.69,157,152133,1
11:26:39,9.68,240,232320,-1
11:26:36,9.68,115,112278,-1
11:26:33,9.69,313,303297,1
11:26:30,9.69,47,45543,1
11:26:27,9.68,618,598224,-1
11:26:24,9.68,203,196504,-1
11:26:21,9.68,2480,2401017,1
11:26:18,9.66,92,88872,-1
11:26:15,9.67,148,143116,1
11:26:12,9.67,440,425480,1
11:26:09,9.65,89,85885,-1
11:26:06,9.66,26,25116,1
11:26:03,9.66,111,107226,1
11:26:00,9.66,16,15456,1
11:25:57,9.66,398,384468,1
11:25:54,9.65,332,320380,-1
11:25:51,9.66,77,74382,-1
11:25:48,9.66,7,6762,-1
11:25:45,9.66,577,558338,1
11:25:42,9.65,253,244145,-1
11:25:39,9.65,45,43425,-1
11:25:36,9.66,38,36717,-1
11:25:33,9.67,462,446754,1
11:25:30,9.66,40,38640,-1
11:25:27,9.67,67,64789,1
11:25:24,9.67,324,313308,1
11:25:21,9.66,23,22218,-1
11:25:18,9.67,279,269793,1
11:25:15,9.67,153,147951,1
11:25:12,9.67,108,104436,1
11:25:09,9.66,759,733194,-1
11:25:06,9.66,1219,1177554,-1
11:25:03,9.67,366,353922,1
11:25:00,9.66,190,183540,-1
11:24:57,9.66,188,181608,-1
11:24:54,9.67,1,967,1
11:24:51,9.66,3,2898,-1
11:24:48,9.67,149,144083,-1
11:24:45,9.67,268,259156,-1
11:24:42,9.67,680,657560,1
11:24:39,9.67,356,344252,1
11:24:36,9.66,71,68586,-1
11:24:33,9.67,792,765864,1
11:24:30,9.67,152,146984,1
11:24:27,9.67,28,27076,1
11:24:24,9.67,392,379064,-1
11:24:21,9.67,320,309440,1
11:24:18,9.67,224,216608,-1
11:24:15,9.67,317,306539,-1
11:24:12,9.67,148,143116,-1
11:24:09,9.68,292,282656,1
11:24:06,9.67,145,140215,1
11:24:03,9.67,283,273661,-1
11:24:00,9.67,266,257222,-1
11:23:57,9.68,200,193600,1
11:23:54,9.67,72,69624,-1
11:23:51,9.67,277,267859,-1
11:23:48,9.67,131,126677,1
11:23:45,9.67,206,199202,0
11:23:42,9.66,458,442428,-1
11:23:39,9.66,193,186438,-1
11:23:36,9.68,57,55176,1
11:23:33,9.67,395,381965,-1
11:23:30,9.66,43,41538,-1
11:23:27,9.66,409,395094,-1
11:23:24,9.68,79,76472,1
11:23:21,9.68,61,59048,1
11:23:18,9.67,475,459325,-1
11:23:15,9.68,734,710512,1
11:23:12,9.67,620,599540,-1
11:23:09,9.68,103,99704,1
11:23:06,9.68,100,96800,1
11:23:03,9.68,497,481096,1
11:23:00,9.68,379,366872,1
11:22:57,9.68,378,365904,1
11:22:54,9.68,887,858616,1
11:22:51,9.67,144,139248,-1
11:22:48,9.67,44,42548,-1
11:22:45,9.67,88,85096,-1
11:22:42,9.67,269,260123,1
11:22:39,9.67,199,192433,1
11:22:36,9.66,522,504252,-1
11:22:33,9.66,48,46368,-1
11:22:30,9.67,235,227245,1
11:22:27,9.66,256,247296,-1
11:22:24,9.67,2,1934,1
11:22:21,9.66,105,101430,-1
11:22:18,9.66,270,261776,1
11:22:15,9.66,103,99507,-1
11:22:12,9.66,27,26082,-1
11:22:09,9.66,57,56018,-1
11:22:06,9.67,87,84129,1
11:22:03,9.66,30,28980,-1
11:22:00,9.66,404,390264,-1
11:21:57,9.68,257,248776,1
11:21:54,9.66,137,132342,-1
11:21:51,9.67,76,73492,1
11:21:48,9.67,68,65756,1
11:21:45,9.66,10,9660,-1
11:21:42,9.67,123,118941,1
11:21:39,9.67,372,359733,-1
11:21:36,9.68,257,248776,-1
11:21:33,9.68,323,312664,-1
11:21:30,9.68,215,208120,-1
11:21:27,9.68,157,152934,1
11:21:24,9.68,342,331056,1
11:21:21,9.67,27,26109,-1
11:21:18,9.68,55,53240,1
11:21:15,9.68,49,47432,1
11:21:12,9.68,6,5808,1
11:21:09,9.68,317,306856,-1
11:21:06,9.68,365,353320,-1
11:21:03,9.69,12,11628,1
11:21:00,9.68,23,22264,-1
11:20:57,9.69,370,358530,1
11:20:54,9.69,30,29070,1
11:20:51,9.69,231,223839,1
11:20:48,9.69,685,663765,-1
11:20:45,9.69,251,243219,-1
11:20:42,9.7,200,194000,1
11:20:39,9.69,85,82365,-1
11:20:36,9.7,381,369570,1
11:20:33,9.7,139,134830,1
11:20:30,9.69,564,546516,-1
11:20:27,9.7,108,104759,1
11:20:24,9.7,383,371510,1
11:20:21,9.69,98,94962,-1
11:20:18,9.69,435,421515,-1
11:20:15,9.7,254,246379,1
11:20:12,9.69,225,218025,1
11:20:09,9.68,205,198440,-1
11:20:06,9.68,288,278784,-1
11:20:03,9.69,119,115311,1
11:20:00,9.69,62,60078,1
11:19:57,9.69,99,95931,1
11:19:54,9.69,300,290700,1
11:19:51,9.69,805,780045,-1
11:19:48,9.7,412,399639,1
11:19:45,9.7,131,127069,-1
11:19:42,9.71,586,569006,1
11:19:39,9.71,164,159244,1
11:19:36,9.7,118,114459,0
11:19:33,9.71,653,634063,1
11:19:30,9.7,412,399639,-1
11:19:27,9.71,293,284503,1
11:19:24,9.7,530,514099,-1
11:19:21,9.71,215,208765,1
11:19:18,9.7,200,194000,-1
11:19:15,9.71,1155,1121505,1
11:19:12,9.7,3240,3142800,-1
11:19:09,9.71,256,248576,-1
11:19:06,9.71,400,388400,1
11:19:03,9.71,177,171867,1
11:19:00,9.7,1040,1008799,-1
11:18:57,9.72,155,150660,1
11:18:54,9.7,375,363750,-1
11:18:51,9.72,781,759132,1
11:18:48,9.71,2376,2307096,-1
11:18:45,9.73,1244,1210412,1
11:18:42,9.72,3177,3088044,1
11:18:39,9.72,579,562788,1
11:18:36,9.72,321,312012,1
11:18:33,9.71,1215,1179765,-1
11:18:30,9.71,334,324314,-1
11:18:27,9.72,773,751356,0
11:18:24,9.7,1860,1804199,-1
11:18:21,9.71,1280,1242880,1
11:18:18,9.7,673,652810,1
11:18:15,9.7,2030,1969099,1
11:18:12,9.7,501,485969,1
11:18:09,9.69,258,250002,-1
11:18:06,9.7,774,750780,1
11:18:03,9.68,148,143264,-1
11:18:00,9.68,323,312664,-1
11:17:57,9.68,3145,3044360,-1
11:17:54,9.68,370,358160,1
11:17:51,9.66,109,105294,-1
11:17:48,9.68,97,93896,1
11:17:45,9.66,556,537096,-1
11:17:42,9.66,251,242466,-1
11:17:39,9.66,2722,2629452,1
11:17:36,9.66,343,331338,1
11:17:33,9.65,136,131240,-1
11:17:30,9.66,410,396060,1
11:17:27,9.66,123,118818,1
11:17:24,9.64,80,77120,-1
11:17:21,9.65,898,866570,1
11:17:18,9.65,752,725680,1
11:17:15,9.65,119,114835,1
11:17:12,9.64,274,264136,1
11:17:09,9.64,38,36632,-1
11:17:06,9.63,53,51973,-1
11:17:03,9.65,6,5790,0
11:17:00,9.66,119,114954,1
11:16:57,9.63,8,7704,1
11:16:54,9.65,18,17370,1
11:16:51,9.6,514,493440,-1
11:16:48,9.6,2773,2663020,-1
11:16:45,9.6,21,20160,-1
11:16:42,9.6,296,284160,1
11:16:39,9.6,140,134400,1
11:16:36,9.6,76,72960,1
11:16:33,9.6,124,119040,1
11:16:30,9.6,537,515520,1
11:16:27,9.6,525,504019,-1
11:16:24,9.64,110,106040,0
11:16:21,9.61,2518,2419798,-1
11:16:18,9.67,2555,2470685,1
11:16:15,9.66,331,319746,-1
11:16:12,9.68,619,599192,1
11:16:09,9.68,3153,3052104,1
11:16:06,9.68,357,345576,1
11:16:03,9.68,143,138424,1
11:16:00,9.68,430,416240,1
11:15:57,9.68,264,255552,1
11:15:54,9.68,393,380424,1
11:15:51,9.67,187,180829,1
11:15:48,9.67,210,203070,1
11:15:45,9.67,204,197268,1
11:15:42,9.67,238,230146,-1
11:15:39,9.69,563,545547,1
11:15:36,9.68,7126,6897968,-1
11:15:33,9.71,3640,3534440,1
11:15:30,9.69,1791,1735479,1
11:15:27,9.68,1178,1140304,-1
11:15:24,9.7,3834,3718979,-1
11:15:21,9.71,1467,1424457,1
11:15:18,9.7,1425,1382250,-1
11:15:15,9.7,1170,1134900,1
11:15:12,9.7,1015,984549,1
11:15:09,9.7,549,532530,1
11:15:06,9.69,1003,971907,0
11:15:03,9.7,954,925379,1
11:15:00,9.68,2185,2115080,1
11:14:57,9.68,1236,1196448,1
11:14:54,9.67,1543,1492081,0
11:14:51,9.66,1786,1725276,-1
11:14:48,9.67,646,624682,1
11:14:45,9.66,442,426972,1
11:14:42,9.66,952,919632,1
11:14:39,9.65,1317,1270905,1
11:14:36,9.65,925,892625,1
11:14:33,9.65,1678,1619270,1
11:14:30,9.64,248,239072,1
11:14:27,9.64,991,955324,1
11:14:24,9.64,989,953396,1
11:14:21,9.63,1339,1289457,1
11:14:18,9.63,527,507501,1
11:14:15,9.62,1708,1643740,1
11:14:12,9.62,457,439633,1
11:14:09,9.62,1840,1771022,1
11:14:06,9.6,381,366643,-1
11:14:03,9.62,601,578162,1
11:14:00,9.6,639,613440,1
11:13:57,9.6,1710,1641600,1
11:13:54,9.6,6335,6081600,1
11:13:51,9.58,1003,960874,1
11:13:48,9.57,1109,1062231,1
11:13:45,9.56,858,820248,-1
11:13:42,9.56,1965,1878540,0
11:13:39,9.55,1074,1025670,-1
11:13:36,9.56,539,515284,1
11:13:33,9.56,10,9560,1
11:13:30,9.56,53,50668,1
11:13:27,9.55,516,492780,1
11:13:24,9.55,80,76400,1
11:13:21,9.55,710,678050,-1
11:13:18,9.56,41,39196,1
11:13:15,9.55,38,36290,-1
11:13:12,9.56,35,33460,1
11:13:09,9.55,229,218695,1
11:13:06,9.55,88,84040,-1
11:13:03,9.56,165,157740,1
11:13:00,9.55,38,36290,-1
11:12:57,9.56,227,217012,-1
11:12:54,9.57,64,61248,1
11:12:51,9.57,25,23925,1
11:12:48,9.57,750,718697,-1
11:12:45,9.58,27,25866,1
11:12:42,9.57,258,246906,-1
11:12:39,9.58,140,134120,1
11:12:36,9.58,197,188726,1
11:12:33,9.58,70,67060,1
11:12:30,9.58,674,645692,1
11:12:27,9.57,289,276573,-1
11:12:24,9.58,838,802804,1
11:12:21,9.58,11,10538,1
11:12:18,9.58,63,60354,1
11:12:15,9.58,437,418646,0
11:12:12,9.59,333,319347,1
11:12:09,9.58,214,205012,-1
11:12:06,9.59,280,268520,1
11:12:03,9.57,424,405768,-1
11:12:00,9.59,237,227283,1
11:11:57,9.57,99,94752,-1
11:11:54,9.57,5136,4915152,1
11:11:51,9.57,92,88044,1
11:11:48,9.58,313,299854,1
11:11:45,9.57,191,182787,1
11:11:42,9.58,800,766658,1
11:11:39,9.57,277,265089,-1
11:11:36,9.57,435,416295,-1
11:11:33,9.58,161,154937,1
11:11:30,9.56,236,225616,-1
11:11:27,9.57,493,471801,1
11:11:24,9.56,781,746636,-1
11:11:21,9.56,605,578380,-1
11:11:18,9.57,179,171303,1
11:11:15,9.57,1427,1365639,1
11:11:12,9.56,197,188332,-1
11:11:09,9.56,107,102292,-1
11:11:06,9.56,479,457924,-1
11:11:03,9.56,73,69788,-1
11:11:00,9.56,1985,1897660,1
11:10:57,9.54,94,89675,-1
11:10:54,9.55,543,518565,1
11:10:51,9.54,76,72504,1
11:10:48,9.54,4,3815,1
11:10:45,9.54,211,201293,1
11:10:42,9.53,42,40026,-1
11:10:39,9.53,46,43838,-1
11:10:36,9.54,419,399725,1
11:10:33,9.53,39,37167,-1
11:10:30,9.52,474,451248,-1
11:10:27,9.53,53,50509,1
11:10:24,9.52,28,26656,-1
11:10:21,9.53,115,109594,1
11:10:18,9.53,704,670912,1
11:10:15,9.52,204,194208,1
11:10:09,9.52,54,51408,1
11:10:03,9.5,2,1900,-1
11:10:00,9.52,187,178024,1
11:09:57,9.52,48,45696,1
11:09:54,9.51,41,38991,1
11:09:51,9.5,50,47500,-1
11:09:48,9.52,82,78064,1
11:09:45,9.52,97,92344,1
11:09:42,9.5,225,213750,-1
11:09:39,9.51,41,38991,0
11:09:36,9.5,58,55100,-1
11:09:33,9.52,36,34272,1
11:09:30,9.51,2,1902,-1
11:09:27,9.51,14,13314,0
11:09:24,9.5,49,46550,1
11:09:21,9.5,6,5700,1
11:09:18,9.5,334,317300,-1
11:09:15,9.5,82,77900,-1
11:09:12,9.51,17,16167,1
11:09:09,9.51,53,50403,1
11:09:06,9.5,185,175750,-1
11:09:03,9.5,98,93100,-1
11:09:00,9.5,38,36100,-1
11:08:57,9.5,53,50350,-1
11:08:54,9.5,61,57950,-1
11:08:51,9.5,297,282150,1
11:08:45,9.49,11,10439,-1
11:08:39,9.49,25,23725,-1
11:08:36,9.49,46,43654,-1
11:08:33,9.49,161,152789,-1
11:08:30,9.5,407,386650,1
11:08:27,9.49,151,143299,-1
11:08:24,9.49,36,34164,-1
11:08:21,9.49,50,47450,-1
11:08:18,9.5,66,62700,1
11:08:15,9.49,79,74971,-1
11:08:12,9.5,141,133950,1
11:08:09,9.49,170,161330,-1
11:08:06,9.49,198,187902,-1
11:08:03,9.49,29,27521,-1
11:08:00,9.49,30,28470,-1
11:07:57,9.5,94,89300,1
11:07:54,9.5,12,11400,1
11:07:51,9.5,59,56050,1
11:07:48,9.5,150,142500,-1
11:07:45,9.5,151,143450,-1
11:07:42,9.51,110,104610,1
11:07:39,9.51,95,90345,1
11:07:36,9.5,236,224200,-1
11:07:33,9.5,294,279300,-1
11:07:30,9.5,63,59850,-1
11:07:27,9.5,5,4750,-1
11:07:24,9.51,45,42795,1
11:07:21,9.5,17,16150,-1
11:07:18,9.5,87,82650,-1
11:07:15,9.5,347,329650,1
11:07:12,9.49,4,3796,-1
11:07:09,9.5,220,209000,1
11:07:06,9.5,19,18050,1
11:07:03,9.49,60,56940,-1
11:07:00,9.5,58,55100,-1
11:06:57,9.5,21,19950,-1
11:06:54,9.5,132,125400,-1
11:06:51,9.5,14,13300,-1
11:06:48,9.5,123,116850,-1
11:06:45,9.5,22,20900,1
11:06:42,9.51,1031,980481,1
11:06:39,9.49,24,22776,-1
11:06:36,9.5,476,452200,-1
11:06:33,9.5,156,148200,-1
11:06:30,9.51,147,139797,1
11:06:27,9.5,185,175750,-1
11:06:24,9.5,63,59850,-1
11:06:21,9.51,148,140748,1
11:06:18,9.51,135,128385,1
11:06:15,9.51,205,194955,1
11:06:12,9.51,99,94149,1
11:06:09,9.51,26,24726,1
11:06:06,9.51,29,27579,1
11:06:03,9.51,30,28530,1
11:06:00,9.51,159,151209,-1
11:05:57,9.51,126,119826,-1
11:05:54,9.51,128,121728,-1
11:05:51,9.52,43,40936,1
11:05:48,9.51,89,84639,-1
11:05:45,9.51,27,25677,-1
11:05:42,9.51,53,50403,-1
11:05:39,9.51,34,32334,-1
11:05:36,9.51,60,57060,-1
11:05:33,9.51,20,19020,-1
11:05:30,9.51,340,323340,-1
11:05:27,9.53,89,84817,1
11:05:24,9.51,10,9510,-1
11:05:21,9.51,426,405126,-1
11:05:18,9.54,105,100169,1
11:05:15,9.54,28,26711,1
11:05:12,9.54,370,352979,-1
11:05:09,9.55,129,123195,1
11:05:06,9.54,42,40068,-1
11:05:03,9.54,41,39114,-1
11:05:00,9.55,1229,1173695,1
11:04:57,9.55,89,84995,1
11:04:54,9.55,424,404920,-1
11:04:51,9.55,455,434525,-1
11:04:48,9.56,31,29636,1
11:04:45,9.56,393,375708,1
11:04:42,9.56,1212,1158672,1
11:04:39,9.55,80,76400,-1
11:04:36,9.56,475,454272,-1
11:04:33,9.56,143,136708,-1
11:04:30,9.56,606,580119,-1
11:04:27,9.57,802,767514,1
11:04:24,9.56,673,643388,-1
11:04:21,9.56,918,877608,-1
11:04:18,9.56,534,510504,1
11:04:15,9.56,121,115676,1
11:04:12,9.56,634,606104,1
11:04:09,9.56,337,322172,1
11:04:06,9.56,181,173036,1
11:04:03,9.56,538,514328,1
11:04:00,9.56,159,152004,1
11:03:57,9.55,134,127970,-1
11:03:54,9.55,1105,1056105,-1
11:03:51,9.55,454,433570,1
11:03:48,9.54,101,96353,-1
11:03:45,9.55,438,418290,1
11:03:42,9.54,110,104939,-1
11:03:39,9.54,6018,5741171,1
11:03:36,9.54,1916,1827863,1
11:03:33,9.52,559,532291,-1
11:03:30,9.53,1034,985401,1
11:03:27,9.52,1617,1540326,1
11:03:24,9.52,140,133280,1
11:03:21,9.52,747,711144,1
11:03:18,9.52,410,390320,1
11:03:15,9.51,9,8559,-1
11:03:12,9.51,119,113169,-1
11:03:06,9.51,228,217664,1
11:03:03,9.51,174,165474,1
11:03:00,9.51,925,879675,1
11:02:57,9.51,131,124581,1
11:02:54,9.51,62,58962,1
11:02:51,9.51,708,673308,1
11:02:48,9.5,5,4750,-1
11:02:45,9.5,507,482581,1
11:02:42,9.49,1193,1132157,-1
11:02:39,9.5,244,231800,1
11:02:36,9.5,196,186200,1
11:02:33,9.5,52,49400,1
11:02:30,9.5,204,193800,1
11:02:27,9.5,583,553850,1
11:02:24,9.49,51,48399,-1
11:02:21,9.5,102,96900,1
11:02:18,9.5,180,171000,1
11:02:15,9.49,57,54093,-1
11:02:12,9.49,626,594074,-1
11:02:06,9.49,148,140452,-1
11:02:03,9.5,67,63650,1
11:01:57,9.49,91,87222,1
11:01:54,9.49,698,662402,1
11:01:51,9.48,237,224676,-1
11:01:48,9.49,30,28470,1
11:01:45,9.49,365,346385,1
11:01:42,9.49,611,579839,1
11:01:39,9.48,245,232260,-1
11:01:36,9.48,101,95748,-1
11:01:33,9.48,49,46452,1
11:01:30,9.48,240,227520,1
11:01:24,9.48,80,75840,1
11:01:21,9.48,191,181068,-1
11:01:18,9.48,72,68256,-1
11:01:15,9.48,224,212352,1
11:01:12,9.48,63,59724,1
11:01:09,9.48,39,36972,1
11:01:06,9.47,137,130572,-1
11:01:03,9.48,31,29388,1
11:01:00,9.47,63,59661,-1
11:00:57,9.48,6,5688,1
11:00:54,9.47,93,88071,1
11:00:51,9.47,53,50191,1
11:00:48,9.47,38,35986,1
11:00:45,9.47,60,56820,-1
11:00:42,9.48,112,106176,1
11:00:39,9.48,1634,1549050,1
11:00:36,9.47,159,150573,-1
11:00:33,9.47,37,35039,-1
11:00:30,9.47,90,85230,-1
11:00:27,9.47,112,106064,-1
11:00:24,9.47,5,4735,-1
11:00:21,9.48,59,55932,1
11:00:18,9.47,167,159077,1
11:00:15,9.47,22,20834,1
11:00:12,9.46,21,19866,-1
11:00:09,9.46,264,249744,-1
11:00:06,9.46,613,579898,-1
11:00:03,9.47,217,205499,1
10:59:57,9.47,55,52085,1
10:59:54,9.47,41,38827,1
10:59:51,9.46,134,126782,-1
10:59:48,9.47,94,89946,-1
10:59:45,9.47,161,152467,-1
10:59:42,9.47,24,22728,-1
10:59:39,9.47,45,42615,-1
10:59:36,9.47,6,5682,-1
10:59:33,9.47,158,149626,1
10:59:30,9.47,61,57767,1
10:59:27,9.47,15,14205,1
10:59:24,9.47,173,163831,-1
10:59:21,9.47,97,91859,-1
10:59:18,9.47,77,72919,-1
10:59:15,9.47,4,3788,0
10:59:12,9.48,901,854148,1
10:59:09,9.47,1107,1048329,1
10:59:06,9.46,185,175028,-1
10:59:03,9.47,154,145838,-1
10:59:00,9.47,33,31251,-1
10:58:57,9.48,105,99540,1
10:58:54,9.47,29,27463,-1
10:58:51,9.48,346,328008,1
10:58:48,9.47,100,94700,-1
10:58:45,9.48,541,512868,-1
10:58:42,9.49,162,153738,1
10:58:39,9.47,229,216863,-1
10:58:36,9.48,106,100488,1
10:58:33,9.48,218,206664,1
10:58:30,9.48,938,889224,-1
10:58:27,9.48,11,10428,-1
10:58:24,9.49,246,233454,1
10:58:21,9.49,21,19929,1
10:58:18,9.48,112,106176,-1
10:58:15,9.48,32,30336,-1
10:58:12,9.48,104,98592,-1
10:58:09,9.48,779,738492,-1
10:58:06,9.48,22,20856,-1
10:58:03,9.48,106,100488,-1
10:58:00,9.48,186,176328,-1
10:57:57,9.48,46,43608,-1
10:57:54,9.48,214,202872,1
10:57:51,9.48,85,80580,1
10:57:48,9.47,78,74794,-1
10:57:45,9.48,125,118500,1
10:57:42,9.48,71,67308,1
10:57:39,9.47,12,11364,-1
10:57:36,9.48,1,948,1
10:57:33,9.47,318,301146,-1
10:57:30,9.49,128,121472,1
10:57:27,9.48,10,9480,-1
10:57:24,9.48,124,117552,-1
10:57:21,9.49,70,66430,1
10:57:18,9.48,83,78684,-1
10:57:15,9.48,462,437976,-1
10:57:12,9.48,48,45504,-1
10:57:09,9.48,5,4740,-1
10:57:06,9.48,256,242688,-1
10:57:03,9.48,137,129876,-1
10:56:57,9.48,50,47400,-1
10:56:54,9.48,136,128928,-1
10:56:51,9.48,38,36024,-1
10:56:48,9.49,120,113880,1
10:56:45,9.49,25,23725,1
10:56:42,9.49,55,52195,1
10:56:39,9.48,411,389628,-1
10:56:36,9.5,447,424650,1
10:56:33,9.5,312,296400,1
10:56:30,9.5,2155,2047250,1
10:56:27,9.49,311,295139,-1
10:56:24,9.5,67,63650,1
10:56:21,9.49,5,4745,-1
10:56:18,9.5,341,323950,1
10:56:15,9.5,53,50350,1
10:56:12,9.5,35,33250,1
10:56:06,9.49,73,69277,-1
10:56:03,9.5,372,353400,1
10:56:00,9.5,90,85500,1
10:55:57,9.49,92,87308,-1
10:55:54,9.5,113,107350,1
10:55:51,9.5,134,127300,1
10:55:48,9.5,75,71250,1
10:55:45,9.49,130,123370,-1
10:55:42,9.5,39,37050,1
10:55:39,9.49,132,125268,-1
10:55:36,9.49,577,547573,-1
10:55:33,9.49,246,233454,-1
10:55:30,9.49,300,284700,-1
10:55:27,9.49,8,7592,-1
10:55:24,9.5,86,81700,1
10:55:21,9.49,165,156585,-1
10:55:18,9.49,81,76869,-1
10:55:12,9.49,295,279955,-1
10:55:09,9.49,30,28470,-1
10:55:06,9.5,257,244150,1
10:55:03,9.49,1408,1336192,-1
10:55:00,9.49,215,204035,-1
10:54:57,9.5,117,111150,1
10:54:54,9.5,27,25650,1
10:54:51,9.5,305,289750,1
10:54:48,9.5,322,305900,-1
10:54:45,9.51,159,151209,1
10:54:42,9.5,233,221350,-1
10:54:39,9.51,82,77982,1
10:54:36,9.51,542,515442,1
10:54:33,9.5,339,322050,-1
10:54:30,9.51,30,28530,1
10:54:27,9.5,135,128250,-1
10:54:24,9.5,105,99750,-1
10:54:21,9.5,341,323950,-1
10:54:18,9.51,121,115071,1
10:54:15,9.51,268,254868,1
10:54:12,9.51,254,241554,1
10:54:09,9.51,342,325242,1
10:54:06,9.5,440,418000,-1
10:54:03,9.51,115,109365,1
10:54:00,9.51,317,301467,1
10:53:57,9.5,21,19950,-1
10:53:54,9.51,22,20922,1
10:53:51,9.51,149,141699,-1
10:53:48,9.51,14,13314,0
10:53:45,9.5,931,884450,-1
10:53:42,9.51,169,160719,-1
10:53:39,9.51,1054,1002354,1
10:53:36,9.5,635,603250,-1
10:53:33,9.5,191,181450,-1
10:53:30,9.5,131,124450,-1
10:53:27,9.5,1058,1005100,-1
10:53:24,9.51,75,71325,1
10:53:21,9.5,320,304000,-1
10:53:18,9.5,126,119700,-1
10:53:15,9.5,5,4750,-1
10:53:12,9.5,1013,962711,1
10:53:09,9.49,261,247689,-1
10:53:06,9.49,320,303680,-1
10:53:03,9.49,273,259077,1
10:53:00,9.49,425,403325,1
10:52:57,9.49,61,57889,1
10:52:54,9.49,33,31317,1
10:52:51,9.49,175,166075,1
10:52:48,9.49,46,43654,1
10:52:45,9.5,1978,1879100,1
10:52:42,9.48,25,23700,-1
10:52:39,9.48,152,144096,-1
10:52:36,9.48,299,283452,-1
10:52:33,9.48,166,157368,-1
10:52:30,9.48,20,18960,-1
10:52:27,9.48,92,87216,-1
10:52:24,9.48,571,541308,1
10:52:21,9.48,17,16116,1
10:52:18,9.5,4820,4579000,1
10:52:15,9.48,1,948,1
10:52:12,9.48,81,76788,1
10:52:09,9.48,191,181068,-1
10:52:06,9.49,5,4745,1
10:52:03,9.48,1059,1003932,-1
10:52:00,9.48,351,332748,-1
10:51:57,9.48,176,166848,-1
10:51:54,9.48,347,328956,-1
10:51:51,9.49,77,73073,1
10:51:48,9.49,10,9490,1
10:51:45,9.48,10,9480,-1
10:51:42,9.49,124,117676,1
10:51:39,9.49,81,76869,-1
10:51:36,9.49,267,253383,-1
10:51:33,9.49,1035,982215,-1
10:51:30,9.49,39,37011,-1
10:51:27,9.49,169,160381,-1
10:51:24,9.5,555,527250,1
10:51:21,9.5,351,333450,1
10:51:18,9.5,45,42750,1
10:51:15,9.49,259,245791,-1
10:51:12,9.49,829,786721,-1
10:51:09,9.49,225,213525,-1
10:51:06,9.49,91,86359,-1
10:51:03,9.49,123,116727,-1
10:51:00,9.49,226,214474,1
10:50:57,9.49,201,190749,1
10:50:54,9.49,237,224913,1
10:50:51,9.49,65,61685,1
10:50:48,9.5,640,608000,1
10:50:45,9.5,1252,1189400,1
10:50:42,9.49,706,669994,-1
10:50:39,9.49,247,234403,-1
10:50:36,9.49,14,13286,-1
10:50:33,9.49,278,263822,-1
10:50:30,9.5,5,4750,1
10:50:27,9.49,116,110084,-1
10:50:24,9.5,162,154774,-1
10:50:21,9.5,89,84550,-1
10:50:18,9.5,534,507300,-1
10:50:15,9.5,222,210900,-1
10:50:12,9.5,2664,2530876,1
10:50:09,9.49,44,41756,-1
10:50:06,9.49,109,103441,-1
10:50:03,9.49,539,511511,1
10:50:00,9.48,795,753660,-1
10:49:57,9.49,348,330252,1
10:49:54,9.49,122,115778,1
10:49:51,9.49,111,105339,1
10:49:48,9.49,330,313170,1
10:49:45,9.48,86,81528,-1
10:49:42,9.5,827,785650,1
10:49:39,9.48,205,194340,-1
10:49:36,9.48,197,186756,-1
10:49:33,9.48,338,320424,-1
10:49:30,9.49,532,504868,-1
10:49:27,9.49,1591,1509859,1
10:49:24,9.48,2,1896,1
10:49:21,9.48,75,71100,1
10:49:18,9.48,263,249324,-1
10:49:15,9.48,80,75840,-1
10:49:12,9.48,840,796320,-1
10:49:09,9.48,89,84372,-1
10:49:06,9.48,203,192444,-1
10:49:03,9.48,217,205716,-1
10:49:00,9.49,193,183157,1
10:48:57,9.48,597,565956,1
10:48:54,9.48,125,118500,1
10:48:51,9.47,2258,2138326,-1
10:48:48,9.48,249,236052,-1
10:48:45,9.48,53,50244,-1
10:48:42,9.49,85,80665,1
10:48:39,9.48,84,79632,-1
10:48:36,9.5,1091,1036450,1
10:48:33,9.5,124,117800,1
10:48:30,9.49,73,69277,-1
10:48:27,9.5,88,83600,1
10:48:24,9.5,1011,960450,1
10:48:21,9.5,408,387600,1
10:48:18,9.51,2694,2561994,1
10:48:15,9.5,1113,1057350,-1
10:48:12,9.5,957,909150,-1
10:48:09,9.51,1006,956706,1
10:48:06,9.51,395,375645,1
10:48:03,9.51,308,292908,-1
10:48:00,9.51,1005,955755,0
10:47:57,9.52,509,484568,1
10:47:54,9.52,2985,2841720,0
10:47:51,9.53,1730,1648690,1
10:47:48,9.52,598,569296,-1
10:47:45,9.52,444,422688,-1
10:47:42,9.52,750,714000,-1
10:47:39,9.52,264,251328,1
10:47:36,9.52,366,348432,1
10:47:33,9.51,115,109365,-1
10:47:30,9.52,390,371280,1
10:47:27,9.51,954,907254,1
10:47:24,9.51,679,645729,1
10:47:21,9.5,2968,2819600,1
10:47:18,9.5,1276,1212200,1
10:47:15,9.5,765,726750,1
10:47:12,9.49,846,802854,-1
10:47:09,9.5,1260,1197000,1
10:47:06,9.48,944,894912,-1
10:47:03,9.49,227,215423,1
10:47:00,9.48,670,635160,-1
10:46:57,9.48,1443,1368836,1
10:46:54,9.48,210,199080,1
10:46:51,9.47,1046,990562,1
10:46:48,9.46,61,57706,-1
10:46:45,9.47,105,99435,1
10:46:42,9.46,195,184470,-1
10:46:39,9.46,235,222310,1
10:46:36,9.46,222,210012,1
10:46:33,9.46,500,473000,1
10:46:30,9.46,376,355696,1
10:46:27,9.46,469,443674,1
10:46:24,9.46,199,188254,1
10:46:21,9.46,617,583682,-1
10:46:18,9.47,3194,3024718,1
10:46:15,9.46,148,140008,-1
10:46:12,9.46,204,192984,-1
10:46:09,9.47,520,492440,1
10:46:06,9.46,112,105952,-1
10:46:03,9.46,447,422862,1
10:46:00,9.46,707,668822,1
10:45:57,9.46,109,103114,1
10:45:54,9.46,200,189200,0
10:45:51,9.47,859,813473,1
10:45:48,9.46,93,87978,-1
10:45:45,9.47,355,336185,1
10:45:42,9.47,79,74813,1
10:45:39,9.47,157,148679,-1
10:45:36,9.48,1250,1185000,1
10:45:33,9.47,237,224439,0
10:45:30,9.46,313,296098,-1
10:45:27,9.49,470,446030,1
10:45:24,9.48,854,809592,-1
10:45:21,9.49,339,321711,1
10:45:18,9.49,702,666198,1
10:45:15,9.48,298,282504,-1
10:45:12,9.49,526,499174,1
10:45:09,9.49,761,722189,1
10:45:06,9.49,879,834171,1
10:45:03,9.49,182,172718,1
10:45:00,9.49,1102,1045798,-1
10:44:57,9.5,803,762850,1
10:44:54,9.46,241,227986,-1
10:44:51,9.5,110,104500,1
10:44:48,9.48,6939,6578172,1
10:44:45,9.45,73,68985,0
10:44:42,9.44,7016,6623104,1
10:44:39,9.43,530,499790,0
10:44:36,9.44,428,404032,1
10:44:33,9.43,194,182942,1
10:44:30,9.42,263,247746,-1
10:44:27,9.42,435,409770,1
10:44:24,9.42,637,600054,1
10:44:21,9.41,592,557072,-1
10:44:18,9.41,579,544839,-1
10:44:15,9.42,1336,1258869,1
10:44:12,9.41,330,310530,1
10:44:09,9.4,174,163560,-1
10:44:06,9.4,104,97760,-1
10:44:03,9.4,1354,1272760,1
10:44:00,9.4,116,109040,1
10:43:57,9.4,508,477520,1
10:43:54,9.4,300,282000,1
10:43:51,9.4,140,131600,1
10:43:48,9.4,297,279180,1
10:43:45,9.4,768,721920,1
10:43:42,9.4,580,545782,-1
10:43:39,9.4,523,491620,-1
10:43:36,9.4,124,116560,-1
10:43:33,9.4,58,54520,-1
10:43:30,9.4,352,331237,1
10:43:27,9.4,113,106220,1
10:43:24,9.4,838,787720,1
10:43:21,9.39,94,88266,-1
10:43:18,9.39,93,87327,-1
10:43:15,9.39,41,38499,-1
10:43:12,9.39,194,182166,-1
10:43:09,9.39,118,110802,-1
10:43:06,9.39,192,180288,-1
10:43:03,9.4,57,53580,1
10:43:00,9.39,94,88266,-1
10:42:57,9.4,165,155100,1
10:42:54,9.39,215,201885,-1
10:42:51,9.4,2,1880,1
10:42:48,9.39,73,68547,-1
10:42:45,9.39,95,89205,-1
10:42:42,9.39,5,4695,-1
10:42:39,9.4,573,538620,1
10:42:36,9.4,46,43240,1
10:42:33,9.4,256,241222,-1
10:42:30,9.4,55,51700,-1
10:42:27,9.41,581,546721,1
10:42:24,9.41,111,104451,1
10:42:21,9.41,15,14115,1
10:42:18,9.41,88,82808,1
10:42:15,9.41,333,313353,-1
10:42:12,9.42,76,71592,0
10:42:09,9.41,737,693517,-1
10:42:06,9.42,522,491724,1
10:42:03,9.42,121,113982,0
10:42:00,9.43,570,537510,1
10:41:57,9.42,667,628314,-1
10:41:54,9.43,134,126362,1
10:41:51,9.42,1805,1700310,-1
10:41:48,9.44,255,240720,1
10:41:45,9.44,1656,1563264,1
10:41:42,9.44,756,713664,1
10:41:39,9.44,411,387984,-1
10:41:36,9.43,1943,1832249,-1
10:41:33,9.43,498,469614,-1
10:41:30,9.43,1136,1071248,-1
10:41:27,9.44,231,218064,1
10:41:24,9.43,673,634639,1
10:41:21,9.42,3140,2957880,-1
10:41:18,9.43,454,428122,1
10:41:15,9.43,175,165025,1
10:41:12,9.42,953,897726,-1
10:41:09,9.42,590,555780,1
10:41:06,9.42,210,197820,1
10:41:03,9.42,168,158256,1
10:41:00,9.42,310,292020,1
10:40:57,9.41,45,42345,-1
10:40:54,9.42,760,715920,1
10:40:51,9.41,195,183495,1
10:40:48,9.4,237,222780,-1
10:40:45,9.4,498,468120,-1
10:40:42,9.4,4480,4211557,1
10:40:39,9.4,585,549900,1
10:40:36,9.39,142,133338,-1
10:40:33,9.4,314,295160,1
10:40:30,9.4,138,129720,1
10:40:27,9.39,1000,939000,1
10:40:24,9.39,832,781248,1
10:40:21,9.39,1040,976560,1
10:40:18,9.38,120,112560,-1
10:40:15,9.38,380,356440,-1
10:40:12,9.39,81,76059,1
10:40:09,9.39,792,743688,1
10:40:06,9.37,92,86204,-1
10:40:03,9.38,172,161336,1
10:40:00,9.38,98,91924,1
10:39:57,9.38,284,266392,1
10:39:54,9.38,416,390208,1
10:39:51,9.37,19,17803,-1
10:39:48,9.38,77,72226,1
10:39:45,9.37,88,82456,-1
10:39:42,9.37,48,44975,-1
10:39:39,9.37,225,211715,1
10:39:36,9.37,726,680262,1
10:39:33,9.37,112,104943,1
10:39:30,9.37,303,283957,-1
10:39:27,9.39,1090,1023510,1
10:39:24,9.37,213,199580,-1
10:39:21,9.37,134,125557,-1
10:39:18,9.37,112,104943,-1
10:39:15,9.37,630,590310,-1
10:39:12,9.37,71,67417,-1
10:39:09,9.37,35,32795,-1
10:39:06,9.37,667,624979,1
10:39:03,9.37,35,32795,1
10:39:00,9.37,1007,943558,1
10:38:57,9.37,60,56219,1
10:38:54,9.37,10,9370,1
10:38:51,9.37,112,104943,-1
10:38:48,9.37,238,223005,-1
10:38:45,9.37,1282,1201234,-1
10:38:42,9.37,16,14991,-1
10:38:39,9.37,47,44038,-1
10:38:36,9.38,119,111622,1
10:38:33,9.36,500,468000,-1
10:38:30,9.37,20,18740,1
10:38:27,9.37,109,102132,1
10:38:24,9.37,202,189273,1
10:38:21,9.37,158,148046,1
10:38:18,9.36,83,77688,-1
10:38:15,9.37,97,90888,1
10:38:09,9.37,1033,967920,1
10:38:06,9.36,1871,1751256,1
10:38:03,9.35,144,134640,-1
10:38:00,9.36,50,46800,1
10:37:57,9.36,6,5616,1
10:37:54,9.37,49,45912,1
10:37:51,9.37,815,763654,1
10:37:48,9.35,74,69190,-1
10:37:45,9.35,50,46750,-1
10:37:42,9.37,263,246430,1
10:37:39,9.36,135,126359,1
10:37:36,9.35,30,28050,-1
10:37:33,9.36,28,26208,1
10:37:30,9.36,8,7488,1
10:37:27,9.36,117,109521,-1
10:37:24,9.36,193,181574,1
10:37:21,9.35,50,46750,1
10:37:18,9.35,616,575969,-1
10:37:15,9.36,19,17784,-1
10:37:12,9.36,99,92664,-1
10:37:09,9.36,19,17784,-1
10:37:06,9.36,57,53352,-1
10:37:03,9.36,208,194688,-1
10:37:00,9.36,32,29952,-1
10:36:57,9.36,97,90792,-1
10:36:54,9.35,438,409530,-1
10:36:51,9.36,32,29952,-1
10:36:48,9.36,773,723528,1
10:36:45,9.36,265,248039,1
10:36:42,9.35,10,9350,-1
10:36:39,9.35,59,55165,-1
10:36:36,9.35,679,635790,-1
10:36:33,9.35,17,15895,-1
10:36:30,9.35,303,283305,-1
10:36:27,9.36,784,733824,1
10:36:24,9.35,63,58905,-1
10:36:21,9.35,222,207570,-1
10:36:18,9.36,139,130103,1
10:36:15,9.36,288,269568,1
10:36:12,9.36,157,146952,1
10:36:09,9.36,279,261153,-1
10:36:06,9.36,181,169416,-1
10:36:03,9.37,92,86204,1
10:36:00,9.36,69,64583,-1
10:35:57,9.37,43,40291,1
10:35:54,9.36,310,290160,-1
10:35:51,9.37,230,216437,0
10:35:48,9.36,180,168480,-1
10:35:45,9.37,317,297029,-1
10:35:42,9.37,180,168660,1
10:35:39,9.37,109,102132,1
10:35:36,9.38,384,360192,1
10:35:33,9.37,122,114313,-1
10:35:30,9.38,434,407092,1
10:35:27,9.38,66,61908,1
10:35:24,9.38,214,200732,1
10:35:21,9.38,234,219492,1
10:35:18,9.38,1480,1388240,-1
10:35:15,9.38,344,322672,-1
10:35:12,9.38,198,185724,-1
10:35:09,9.38,959,899542,1
10:35:06,9.38,761,713818,1
10:35:03,9.37,308,288596,1
10:35:00,9.36,129,120743,-1
10:34:57,9.36,479,448344,1
10:34:54,9.35,82,76670,-1
10:34:51,9.36,688,643968,-1
10:34:48,9.36,202,189072,-1
10:34:45,9.36,135,126359,-1
10:34:42,9.37,159,148983,1
10:34:39,9.37,147,137739,1
10:34:36,9.36,57,53352,-1
10:34:33,9.36,1792,1677312,-1
10:34:30,9.36,733,686088,1
10:34:27,9.36,596,557856,-1
10:34:24,9.37,2121,1987376,1
10:34:21,9.36,374,350064,-1
10:34:18,9.37,152,142424,1
10:34:15,9.37,561,525657,1
10:34:12,9.37,308,288596,1
10:34:09,9.36,380,355680,-1
10:34:06,9.36,91,85176,-1
10:34:03,9.37,67,62778,1
10:34:00,9.37,302,282974,1
10:33:57,9.37,1327,1243399,1
10:33:54,9.35,1187,1109845,1
10:33:51,9.35,3054,2855490,1
10:33:48,9.33,151,140883,1
10:33:45,9.33,448,417984,1
10:33:42,9.32,93,86676,1
10:33:39,9.31,25,23275,-1
10:33:36,9.32,553,515396,1
10:33:33,9.32,1252,1166864,1
10:33:30,9.31,1020,949620,1
10:33:27,9.3,88,81840,-1
10:33:24,9.3,12,12015,-1
10:33:21,9.3,186,172980,-1
10:33:18,9.3,20,18600,-1
10:33:15,9.3,250,232500,1
10:33:12,9.29,11,10218,-1
10:33:09,9.3,500,465000,1
10:33:06,9.29,14,13005,-1
10:33:03,9.3,50,46500,1
10:33:00,9.3,11,10230,1
10:32:54,9.3,38,35340,1
10:32:51,9.3,42,39060,1
10:32:48,9.3,179,166470,-1
10:32:45,9.3,140,130200,1
10:32:42,9.3,153,142290,-1
10:32:39,9.3,22,20460,-1
10:32:36,9.3,21,19530,1
10:32:33,9.3,337,313410,1
10:32:30,9.31,272,253232,1
10:32:27,9.29,586,544394,-1
10:32:24,9.3,15,13950,1
10:32:21,9.3,339,315270,1
10:32:15,9.3,27,25110,1
10:32:12,9.3,695,646350,-1
10:32:06,9.3,35,32550,-1
10:32:03,9.3,136,126480,-1
10:32:00,9.3,31,28830,-1
10:31:57,9.3,35,32550,1
10:31:54,9.3,165,153450,1
10:31:51,9.31,42,39102,0
10:31:48,9.32,267,248844,1
10:31:45,9.3,940,874200,-1
10:31:42,9.31,51,47481,-1
10:31:39,9.31,44,40964,-1
10:31:36,9.32,49,45668,1
10:31:33,9.31,1,931,-1
10:31:30,9.31,182,169442,1
10:31:27,9.3,15,13950,-1
10:31:24,9.3,200,186000,-1
10:31:21,9.31,319,296989,1
10:31:18,9.31,60,55860,1
10:31:15,9.3,432,401760,-1
10:31:12,9.31,19,17689,1
10:31:09,9.31,158,147098,1
10:31:06,9.31,701,652631,1
10:31:03,9.31,257,239267,1
10:31:00,9.31,202,188062,1
10:30:57,9.3,101,93930,-1
10:30:54,9.3,22,20460,-1
10:30:51,9.3,18,16740,-1
10:30:48,9.3,25,23250,-1
10:30:45,9.31,120,111720,1
10:30:42,9.29,240,222959,1
10:30:39,9.3,795,739350,1
10:30:36,9.29,852,791507,-1
10:30:33,9.31,5,4655,1
10:30:30,9.31,1180,1098580,1
10:30:24,9.29,10,9290,-1
10:30:21,9.29,10,9290,-1
10:30:18,9.29,44,40875,-1
10:30:15,9.3,65,60450,1
10:30:12,9.29,108,100331,-1
10:30:09,9.3,14,13020,1
10:30:06,9.3,44,40920,1
10:30:03,9.3,65,60450,-1
10:30:00,9.3,240,223200,1
10:29:57,9.3,205,190650,-1
10:29:54,9.3,59,54870,-1
10:29:51,9.3,434,403620,1
10:29:48,9.29,748,694891,-1
10:29:45,9.29,207,192302,-1
10:29:42,9.3,123,114390,1
10:29:39,9.29,62,57597,-1
10:29:36,9.3,70,65100,1
10:29:30,9.29,41,38089,-1
10:29:27,9.3,323,300390,-1
10:29:24,9.3,147,136710,-1
10:29:21,9.3,36,33480,-1
10:29:18,9.3,11,10230,-1
10:29:15,9.3,100,93000,-1
10:29:12,9.3,564,524520,1
10:29:09,9.29,81,75249,-1
10:29:06,9.29,758,704181,-1
10:29:03,9.29,114,105905,-1
10:29:00,9.29,122,113337,-1
10:28:57,9.3,92,85560,1
10:28:51,9.3,267,248310,1
10:28:48,9.29,10,9290,-1
10:28:45,9.29,241,223888,-1
10:28:42,9.3,243,225990,1
10:28:39,9.29,105,97544,-1
10:28:36,9.29,58,53881,-1
10:28:33,9.3,8,7440,1
10:28:30,9.29,130,120769,-1
10:28:27,9.3,5,4650,1
10:28:24,9.29,23,21366,1
10:28:21,9.3,56,52080,1
10:28:18,9.3,763,709590,1
10:28:15,9.3,177,164610,1
10:28:09,9.28,1,927,-1
10:28:06,9.3,252,234360,-1
10:28:03,9.3,468,435240,1
10:28:00,9.3,219,203670,1
10:27:57,9.3,286,265980,1
10:27:54,9.3,2406,2237580,-1
10:27:51,9.3,1108,1030440,-1
10:27:48,9.31,918,854658,1
10:27:45,9.31,81,75411,1
10:27:42,9.31,273,254163,1
10:27:39,9.3,88,81840,-1
10:27:36,9.31,75,69825,1
10:27:33,9.31,603,561393,-1
10:27:30,9.32,384,357888,-1
10:27:27,9.33,50,46650,1
10:27:24,9.32,280,260960,-1
10:27:21,9.32,1771,1650572,1
10:27:18,9.3,237,220410,-1
10:27:15,9.3,102,94860,-1
10:27:12,9.3,2357,2192010,1
10:27:09,9.29,333,309357,-1
10:27:06,9.3,882,820260,1
10:27:03,9.29,461,428268,1
10:27:00,9.29,19,17651,1
10:26:57,9.29,10,9290,1
10:26:54,9.29,676,628004,1
10:26:51,9.28,376,348928,1
10:26:48,9.28,110,102080,1
10:26:45,9.28,315,292320,1
10:26:42,9.28,60,55679,1
10:26:39,9.28,522,484415,1
10:26:36,9.27,743,688761,1
10:26:33,9.25,505,467125,-1
10:26:30,9.26,273,252798,1
10:26:27,9.25,124,115125,1
10:26:24,9.25,586,542050,1
10:26:21,9.25,1488,1376400,1
10:26:18,9.25,22,20350,1
10:26:15,9.25,807,746475,1
10:26:12,9.25,3,2775,1
10:26:09,9.25,3,2775,1
10:26:06,9.24,14,12936,-1
10:26:03,9.25,6,5550,1
10:26:00,9.24,10,9240,-1
10:25:57,9.25,78,72150,1
10:25:54,9.24,70,64680,-1
10:25:51,9.24,23,21252,-1
10:25:48,9.24,14,12936,-1
10:25:42,9.24,406,375144,1
10:25:39,9.24,12,11088,1
10:25:36,9.24,171,158004,1
10:25:33,9.24,15,13860,1
10:25:30,9.24,139,128436,1
10:25:27,9.23,20,18460,-1
10:25:24,9.24,90,83160,1
10:25:21,9.24,45,41580,1
10:25:18,9.24,100,92400,1
10:25:15,9.23,46,42458,-1
10:25:09,9.24,128,118272,1
10:25:06,9.23,36,33228,-1
10:25:03,9.24,61,56364,1
10:25:00,9.23,21,19383,1
10:24:57,9.23,30,27690,1
10:24:54,9.23,5,4615,-1
10:24:51,9.24,95,87780,1
10:24:48,9.22,110,101420,-1
10:24:45,9.23,15,13845,1
10:24:42,9.22,117,107874,-1
10:24:39,9.22,17,15674,-1
10:24:36,9.22,247,227734,-1
10:24:30,9.22,305,281210,-1
10:24:27,9.22,83,76526,1
10:24:24,9.22,231,212982,1
10:24:21,9.22,100,92200,1
10:24:18,9.22,206,189932,-1
10:24:15,9.22,84,77448,-1
10:24:12,9.21,210,193410,-1
10:24:06,9.23,40,36920,1
10:24:03,9.23,10,9230,1
10:24:00,9.21,300,276300,-1
10:23:57,9.22,6,5532,-1
10:23:54,9.23,45,41535,1
10:23:51,9.22,463,426886,1
10:23:48,9.21,9,8289,-1
10:23:45,9.22,42,38724,1
10:23:42,9.21,11,10131,-1
10:23:36,9.21,93,85653,-1
10:23:30,9.21,223,205383,-1
10:23:21,9.21,41,37761,-1
10:23:09,9.21,17,15657,-1
10:23:06,9.21,13,11973,-1
10:23:03,9.21,10,9210,-1
10:22:54,9.21,108,99468,-1
10:22:51,9.22,25,23050,1
10:22:48,9.22,86,79292,1
10:22:42,9.21,10,9210,-1
10:22:39,9.22,79,72838,1
10:22:36,9.22,26,23972,1
10:22:33,9.22,47,43334,1
10:22:27,9.22,25,23050,1
10:22:21,9.22,259,238798,-1
10:22:18,9.22,23,21206,-1
10:22:15,9.22,30,27660,-1
10:22:12,9.23,146,134758,1
10:22:09,9.22,35,32270,-1
10:22:06,9.22,44,40568,-1
10:22:03,9.22,52,47944,-1
10:21:57,9.22,1,922,-1
10:21:54,9.22,12,11064,-1
10:21:51,9.23,9,8307,1
10:21:48,9.22,13,11986,-1
10:21:45,9.22,25,23050,-1
10:21:36,9.22,2,1844,1
10:21:27,9.22,342,315324,-1
10:21:24,9.22,21,19362,-1
10:21:21,9.22,5,4610,-1
10:21:18,9.23,82,75686,1
10:21:15,9.22,7,6454,-1
10:21:12,9.22,120,110640,-1
10:21:09,9.23,10,9230,1
10:21:06,9.22,61,56242,-1
10:21:03,9.23,6,5538,1
10:21:00,9.23,37,34151,1
10:20:57,9.23,10,9230,1
10:20:54,9.22,42,38724,-1
10:20:51,9.23,530,489190,1
10:20:45,9.22,10,9220,-1
10:20:39,9.22,13,11986,-1
10:20:36,9.22,10,9220,1
10:20:33,9.22,22,20284,-1
10:20:30,9.22,5,4610,-1
10:20:24,9.22,43,39646,-1
10:20:21,9.22,95,87590,-1
10:20:15,9.22,49,45178,-1
10:20:12,9.22,10,9220,-1
10:20:09,9.23,7,6461,1
10:20:06,9.22,14,12908,-1
10:20:03,9.22,238,219436,-1
10:20:00,9.23,32,29536,1
10:19:54,9.22,102,94044,-1
10:19:51,9.22,15,13830,-1
10:19:48,9.23,321,296283,-1
10:19:45,9.24,269,248556,1
10:19:42,9.24,163,150612,1
10:19:39,9.23,5,4615,-1
10:19:36,9.23,21,19383,-1
10:19:33,9.24,71,65604,1
10:19:30,9.23,1,923,-1
10:19:24,9.23,146,134758,-1
10:19:21,9.23,30,27690,-1
10:19:18,9.24,2,1848,1
10:19:12,9.23,46,42458,-1
10:19:09,9.23,28,25844,-1
10:19:06,9.24,86,79464,1
10:19:03,9.24,22,20328,1
10:19:00,9.24,54,49896,1
10:18:54,9.24,810,748920,-1
10:18:51,9.24,36,34169,-1
10:18:48,9.24,20,18480,-1
10:18:45,9.24,456,421806,1
10:18:42,9.23,15,13845,-1
10:18:39,9.24,20,18480,1
10:18:33,9.24,65,60060,1
10:18:24,9.24,47,43428,1
10:18:21,9.23,7,6461,-1
10:18:18,9.24,432,399168,1
10:18:15,9.24,5,4620,1
10:18:12,9.23,24,22152,-1
10:18:09,9.24,591,546084,1
10:18:06,9.24,162,149688,1
10:18:03,9.24,22,20328,1
10:17:57,9.24,1,924,1
10:17:54,9.24,78,72072,1
10:17:48,9.25,259,239575,1
10:17:45,9.24,20,18480,1
10:17:42,9.23,2593,2393339,-1
10:17:39,9.24,31,28662,-1
10:17:36,9.25,11,10175,1
10:17:33,9.24,81,75749,-1
10:17:30,9.24,188,173712,1
10:17:27,9.24,157,145068,1
10:17:24,9.23,112,103376,-1
10:17:21,9.23,445,410735,-1
10:17:18,9.24,480,443520,1
10:17:15,9.24,10,9240,1
10:17:12,9.24,420,388080,-1
10:17:09,9.25,77,71225,1
10:17:06,9.25,350,323750,1
10:17:03,9.24,178,164472,-1
10:17:00,9.24,236,218064,-1
10:16:57,9.24,123,113652,-1
10:16:54,9.24,699,645876,1
10:16:51,9.24,107,98868,1
10:16:48,9.24,85,78540,1
10:16:45,9.23,134,123682,-1
10:16:42,9.23,89,82147,-1
10:16:39,9.23,56,51688,-1
10:16:36,9.24,299,276276,1
10:16:33,9.24,68,62832,1
10:16:30,9.23,141,130143,-1
10:16:27,9.24,471,435204,1
10:16:24,9.24,323,298452,1
10:16:21,9.23,112,103376,-1
10:16:18,9.24,22,20328,1
10:16:15,9.24,255,235620,1
10:16:12,9.24,20,18480,1
10:16:09,9.23,50,46150,-1
10:16:06,9.23,114,105222,0
10:16:03,9.24,1266,1169784,1
10:16:00,9.23,63,58149,1
10:15:54,9.22,151,139222,-1
10:15:51,9.21,986,908106,-1
10:15:48,9.22,495,456390,1
10:15:45,9.22,4,3688,1
10:15:42,9.21,210,193410,-1
10:15:39,9.21,7,6447,1
10:15:36,9.21,100,92100,1
10:15:33,9.21,24,22104,1
10:15:30,9.2,6,5520,-1
10:15:27,9.2,104,95679,-1
10:15:24,9.21,115,105915,1
10:15:21,9.2,83,76360,1
10:15:18,9.2,100,92000,1
10:15:15,9.2,698,642160,1
10:15:12,9.2,505,464599,1
10:15:09,9.19,10,9190,-1
10:15:06,9.2,48,44160,1
10:15:03,9.2,10,9200,1
10:15:00,9.2,96,88320,1
10:14:57,9.19,450,413550,1
10:14:51,9.19,78,71682,1
10:14:48,9.19,10,9190,1
10:14:45,9.2,58,53359,1
10:14:39,9.2,111,102119,1
10:14:36,9.19,94,86386,0
10:14:27,9.2,244,224479,1
10:14:24,9.19,12,11028,1
10:14:21,9.18,10,9180,-1
10:14:15,9.2,116,106719,1
10:14:12,9.19,202,185638,-1
10:14:09,9.2,91,83720,1
10:14:03,9.19,17,15623,-1
10:14:00,9.2,142,130639,1
10:13:57,9.2,99,91080,-1
10:13:48,9.2,25,23000,1
10:13:45,9.18,413,379134,-1
10:13:42,9.19,10,9190,-1
10:13:39,9.19,20,18380,-1
10:13:36,9.19,22,20218,1
10:13:33,9.19,80,73520,1
10:13:30,9.19,105,96495,1
10:13:21,9.19,4,3676,1
10:13:18,9.19,204,187476,1
10:13:15,9.19,644,591836,-1
10:13:12,9.22,60,55320,1
10:13:09,9.22,33,30426,1
10:13:06,9.22,3,2766,1
10:13:03,9.22,16,14752,-1
10:13:00,9.23,367,338741,1
10:12:54,9.23,113,104299,1
10:12:51,9.22,101,93122,-1
10:12:48,9.22,146,134612,-1
10:12:45,9.23,61,56303,1
10:12:42,9.22,19,17518,-1
10:12:39,9.23,451,416273,1
10:12:36,9.22,29,26738,1
10:12:33,9.22,30,27660,1
10:12:27,9.21,241,221961,1
10:12:24,9.21,977,899817,1
10:12:21,9.19,317,291323,1
10:12:18,9.16,920,842720,1
10:12:15,9.15,116,106140,1
10:12:09,9.14,24,21936,-1
10:12:00,9.15,22,20130,1
10:11:54,9.14,10,9140,-1
10:11:48,9.14,20,18545,1
10:11:45,9.14,117,107586,-1
10:11:42,9.15,321,293980,1
10:11:36,9.14,92,84088,-1
10:11:33,9.14,15,13710,-1
10:11:21,9.14,29,26506,1
10:11:18,9.12,1000,911999,-1
10:11:15,9.15,7,6405,1
10:11:09,9.14,226,206564,-1
10:11:06,9.15,58,53070,1
10:11:03,9.15,101,93064,-1
10:10:57,9.15,100,91500,-1
10:10:54,9.15,15,13725,-1
10:10:51,9.16,96,87936,1
10:10:48,9.15,650,594750,-1
10:10:45,9.15,50,45750,-1
10:10:42,9.15,220,201300,-1
10:10:39,9.15,35,32025,-1
10:10:36,9.15,110,100650,-1
10:10:33,9.16,30,27480,1
10:10:27,9.16,32,29312,1
10:10:15,9.15,30,27450,-1
10:10:12,9.15,10,9150,-1
10:10:09,9.16,124,113584,1
10:10:03,9.16,36,32976,1
10:09:57,9.16,789,722724,-1
10:09:54,9.18,37,33966,1
10:09:51,9.17,5,4585,-1
10:09:45,9.17,50,45850,-1
10:09:42,9.17,45,41265,-1
10:09:39,9.17,5,4585,-1
10:09:36,9.17,10,9170,-1
10:09:33,9.18,1,918,1
10:09:30,9.17,38,34846,-1
10:09:27,9.17,10,9170,-1
10:09:21,9.18,24,22032,1
10:09:18,9.18,5,4590,1
10:09:09,9.17,57,52269,-1
10:08:57,9.17,230,210910,-1
10:08:51,9.18,1,918,1
10:08:45,9.17,10,9170,-1
10:08:42,9.17,72,66024,-1
10:08:33,9.18,17,15606,1
10:08:30,9.17,3,2751,1
10:08:27,9.16,349,319684,-1
10:08:24,9.17,50,45850,1
10:08:18,9.17,9,8253,1
10:08:15,9.16,35,32060,-1
10:08:09,9.17,61,55937,1
10:08:06,9.17,60,55020,1
10:08:00,9.17,26,23842,1
10:07:57,9.17,20,18340,1
10:07:54,9.17,38,34846,1
10:07:48,9.16,86,78776,-1
10:07:42,9.16,10,9160,-1
10:07:39,9.17,2,1834,1
10:07:36,9.17,57,52269,1
10:07:33,9.17,172,157724,1
10:07:30,9.17,2,1834,1
10:07:27,9.17,276,253092,1
10:07:24,9.17,194,177898,1
10:07:21,9.17,47,43099,1
10:07:18,9.17,133,121961,-1
10:07:12,9.18,4,3672,-1
10:07:03,9.17,300,275100,-1
10:06:57,9.18,10,9180,-1
10:06:54,9.18,5,4590,-1
10:06:51,9.18,31,28458,1
10:06:48,9.17,5,4585,-1
10:06:45,9.17,311,285187,-1
10:06:42,9.18,14,12852,-1
10:06:39,9.18,24,22032,-1
10:06:36,9.18,4,3672,-1
10:06:33,9.18,8,7344,-1
10:06:27,9.18,53,48654,-1
10:06:24,9.18,2,1836,-1
10:06:21,9.18,26,23868,-1
10:06:18,9.18,101,92718,-1
10:06:15,9.18,61,55998,-1
10:06:09,9.19,30,27570,0
10:06:06,9.2,62,57039,1
10:06:03,9.2,493,453559,1
10:05:57,9.19,131,120389,-1
10:05:54,9.2,79,72680,1
10:05:51,9.19,2,1838,-1
10:05:48,9.2,20,18400,1
10:05:42,9.19,189,173691,-1
10:05:36,9.19,8,7352,-1
10:05:33,9.2,9,8280,1
10:05:30,9.19,4,3676,-1
10:05:27,9.19,232,213208,1
10:05:24,9.18,2,1836,-1
10:05:21,9.18,130,119340,-1
10:05:18,9.19,20,18380,1
10:05:15,9.18,5,4590,-1
10:05:06,9.18,38,34884,1
10:05:03,9.17,3,2751,-1
10:04:57,9.18,10,9180,1
10:04:54,9.17,3,2751,-1
10:04:51,9.18,10,9180,1
10:04:45,9.18,5,4590,1
10:04:42,9.17,10,9170,-1
10:04:39,9.17,7,6419,-1
10:04:33,9.17,55,50435,1
10:04:30,9.17,30,27510,1
10:04:27,9.16,10,9160,-1
10:04:24,9.18,601,551718,1
10:04:21,9.16,200,183200,-1
10:04:18,9.17,62,56854,-1
10:04:09,9.17,3,2751,-1
10:04:06,9.17,9,8253,-1
10:04:03,9.17,67,61439,1
10:04:00,9.16,5,4580,-1
10:03:57,9.17,57,52269,1
10:03:54,9.17,183,167811,1
10:03:51,9.16,20,18320,-1
10:03:48,9.17,5,4585,1
10:03:45,9.18,2,1836,1
10:03:42,9.16,10,9160,-1
10:03:39,9.18,20,18360,1
10:03:36,9.17,1,917,-1
10:03:30,9.18,54,49572,1
10:03:27,9.18,25,22950,1
10:03:24,9.18,2020,1854360,1
10:03:21,9.17,13,11921,-1
10:03:18,9.18,30,27540,1
10:03:15,9.17,3,2751,-1
10:03:12,9.18,1,918,1
10:03:09,9.18,30,27540,1
10:03:00,9.18,258,236844,1
10:02:57,9.17,2,1834,-1
10:02:54,9.17,5,4585,-1
10:02:51,9.18,147,134946,1
10:02:45,9.18,443,406674,-1
10:02:42,9.18,10,9180,-1
10:02:33,9.18,33,30294,-1
10:02:24,9.19,20,18380,1
10:02:21,9.18,11,10098,-1
10:02:18,9.18,5,4590,-1
10:02:15,9.18,37,33966,-1
10:02:12,9.18,1,918,-1
10:02:06,9.18,3,2754,-1
10:02:03,9.19,13,11947,1
10:02:00,9.19,32,29408,1
10:01:57,9.19,42,38598,1
10:01:48,9.18,21,19278,-1
10:01:45,9.18,38,34884,-1
10:01:42,9.18,54,49572,-1
10:01:39,9.19,14,12866,1
10:01:30,9.18,56,51408,-1
10:01:27,9.19,82,75358,1
10:01:24,9.19,15,13785,1
10:01:18,9.19,428,393332,-1
10:01:12,9.2,55,50599,1
10:01:09,9.19,60,55140,-1
10:01:06,9.19,19,17461,-1
10:01:03,9.19,19,17461,-1
10:01:00,9.19,19,17461,-1
10:00:54,9.19,8,7352,0
10:00:48,9.2,12,11040,1
10:00:45,9.19,20,18380,-1
10:00:42,9.18,10,9180,-1
10:00:39,9.2,36,33120,1
10:00:36,9.2,33,30359,1
10:00:33,9.21,87,80127,1
10:00:30,9.21,152,139992,1
10:00:18,9.21,18,16578,1
10:00:15,9.18,3,2754,1
10:00:12,9.17,170,155890,-1
10:00:09,9.18,10,9180,-1
10:00:06,9.18,48,44412,1
10:00:03,9.18,266,244188,-1
10:00:00,9.18,50,45900,-1
09:59:57,9.18,2,1836,-1
09:59:54,9.18,19,17442,0
09:59:51,9.17,100,91700,-1
09:59:48,9.18,126,115668,1
09:59:45,9.18,83,76194,1
09:59:42,9.18,34,31212,1
09:59:39,9.18,824,756432,-1
09:59:36,9.21,16,14736,1
09:59:33,9.21,147,135387,-1
09:59:27,9.22,186,171492,1
09:59:24,9.22,11,10142,1
09:59:15,9.22,27,24894,1
09:59:12,9.22,48,44256,1
09:59:09,9.21,57,52497,1
09:59:06,9.21,16,14736,-1
09:59:03,9.21,10,9210,-1
09:59:00,9.21,25,23025,-1
09:58:57,9.21,513,472473,1
09:58:54,9.22,215,198230,1
09:58:48,9.21,30,27630,0
09:58:45,9.2,603,554760,-1
09:58:42,9.21,20,18420,-1
09:58:39,9.22,20,18440,1
09:58:36,9.22,110,101420,1
09:58:33,9.21,48,44208,-1
09:58:30,9.22,5,4610,1
09:58:27,9.2,53,48759,-1
09:58:24,9.22,1,922,1
09:58:21,9.22,101,93122,1
09:58:18,9.22,71,65462,1
09:58:15,9.21,304,279984,-1
09:58:12,9.22,40,36880,1
09:58:09,9.22,60,55320,1
09:58:06,9.21,12,11052,-1
09:58:00,9.23,66,60918,1
09:57:57,9.23,24,22152,1
09:57:54,9.23,2,1846,1
09:57:51,9.23,163,150449,-1
09:57:48,9.23,314,289822,-1
09:57:45,9.23,90,83070,-1
09:57:42,9.23,69,63687,-1
09:57:39,9.23,214,197522,1
09:57:36,9.23,216,199368,1
09:57:33,9.23,68,62764,-1
09:57:30,9.24,120,110880,1
09:57:27,9.24,801,740124,1
09:57:24,9.23,104,95992,1
09:57:21,9.23,881,813163,-1
09:57:18,9.23,235,216905,-1
09:57:15,9.23,402,371046,-1
09:57:12,9.23,42,38766,-1
09:57:09,9.23,16,14768,-1
09:57:06,9.23,562,518726,-1
09:57:03,9.24,81,74844,1
09:57:00,9.23,39,35997,-1
