timestamp,price,volume,turnover,direction
15:00:03,9.36,4292,4018098,-1
14:57:03,9.36,500,468000,-1
14:57:00,9.37,37,34669,1
14:56:57,9.36,197,184392,-1
14:56:54,9.37,15,14054,1
14:56:51,9.37,18,16866,1
14:56:48,9.37,407,381358,-1
14:56:45,9.38,66,61908,1
14:56:42,9.37,50,46849,-1
14:56:39,9.37,97,90888,1
14:56:36,9.36,96,89856,-1
14:56:33,9.37,58,54345,1
14:56:30,9.36,63,58968,-1
14:56:27,9.37,88,82456,1
14:56:24,9.37,54,50597,1
14:56:21,9.37,39,36580,-1
14:56:18,9.37,197,184588,-1
14:56:15,9.37,300,281100,-1
14:56:09,9.37,129,120872,-1
14:56:06,9.37,32,29983,-1
14:56:03,9.38,116,108808,1
14:56:00,9.37,162,151794,-1
14:55:57,9.37,120,112439,-1
14:55:54,9.37,4,3747,-1
14:55:51,9.38,340,319820,1
14:55:48,9.36,74,69264,-1
14:55:45,9.37,82,76834,1
14:55:39,9.37,138,129305,-1
14:55:36,9.38,120,112560,1
14:55:33,9.38,4,3752,1
14:55:27,9.37,50,46849,-1
14:55:24,9.37,26,24361,-1
14:55:21,9.37,512,479743,1
14:55:18,9.36,65,60839,-1
14:55:15,9.36,20,18720,-1
14:55:12,9.36,12,11232,-1
14:55:09,9.37,106,99321,1
14:55:06,9.37,17,15928,1
14:55:03,9.36,31,29016,-1
14:54:57,9.37,10,9370,1
14:54:54,9.37,15,14054,1
14:54:51,9.36,10,9360,-1
14:54:48,9.36,48,44928,-1
14:54:45,9.36,5,4680,-1
14:54:42,9.37,58,54345,1
14:54:36,9.37,9,8433,1
14:54:33,9.36,10,9360,0
14:54:30,9.35,37,34595,-1
14:54:27,9.35,240,224400,-1
14:54:24,9.36,6,5616,-1
14:54:21,9.36,37,34632,-1
14:54:15,9.36,123,115128,1
14:54:12,9.36,148,138528,1
14:54:09,9.36,70,65519,1
14:54:06,9.35,187,174845,-1
14:54:03,9.36,143,133848,1
14:54:00,9.36,421,394056,1
14:53:57,9.36,176,164736,1
14:53:54,9.35,14,13090,-1
14:53:51,9.36,12,11232,1
14:53:48,9.36,506,473616,1
14:53:45,9.36,89,83304,1
14:53:39,9.36,1,936,1
14:53:36,9.36,10,9360,1
14:53:33,9.36,166,155376,-1
14:53:30,9.36,511,478296,-1
14:53:27,9.36,20,18720,-1
14:53:24,9.36,60,56160,-1
14:53:21,9.37,1,936,1
14:53:18,9.36,12,11232,-1
14:53:15,9.36,20,18720,-1
14:53:12,9.36,35,32759,-1
14:53:09,9.37,212,198643,1
14:53:06,9.37,325,304525,1
14:53:03,9.37,20,18740,1
14:53:00,9.37,263,246430,-1
14:52:57,9.37,18,16866,-1
14:52:54,9.38,29,27202,1
14:52:51,9.38,214,200732,1
14:52:48,9.38,1,938,1
14:52:45,9.37,85,79645,-1
14:52:42,9.37,30,28109,-1
14:52:39,9.38,11,10318,1
14:52:36,9.38,6,5628,1
14:52:33,9.37,20,18740,-1
14:52:30,9.37,224,209887,-1
14:52:21,9.38,158,148204,1
14:52:18,9.38,1,938,1
14:52:12,9.38,22,20636,1
14:52:09,9.38,1,938,1
14:52:06,9.37,52,48723,-1
14:52:00,9.38,2,1876,1
14:51:57,9.38,137,128506,-1
14:51:54,9.38,200,187600,-1
14:51:51,9.39,340,319260,1
14:51:48,9.39,31,29109,1
14:51:45,9.38,8,7522,-1
14:51:42,9.38,63,59094,-1
14:51:39,9.39,350,328650,1
14:51:36,9.39,50,46950,1
14:51:33,9.39,10,9390,1
14:51:30,9.39,1,939,1
14:51:27,9.38,200,187600,-1
14:51:24,9.39,53,49767,1
14:51:21,9.38,21,19698,-1
14:51:15,9.38,1,938,-1
14:51:12,9.38,30,28140,-1
14:51:06,9.38,104,98471,1
14:51:00,9.36,572,535392,-1
14:50:57,9.37,13,12180,1
14:50:54,9.37,83,77771,-1
14:50:51,9.38,104,97552,1
14:50:48,9.38,2,1876,1
14:50:45,9.36,44,41184,-1
14:50:42,9.37,120,112439,-1
14:50:39,9.37,273,255800,1
14:50:33,9.37,5,4685,1
14:50:30,9.37,7,6558,1
14:50:24,9.35,50,46750,-1
14:50:21,9.36,98,91728,-1
14:50:18,9.37,17,15928,1
14:50:15,9.36,50,46800,-1
14:50:12,9.36,55,51480,-1
14:50:09,9.37,32,29983,1
14:50:06,9.37,2,1873,1
14:50:03,9.37,6,5621,1
14:50:00,9.37,395,370114,1
14:49:54,9.35,332,310420,-1
14:49:51,9.36,37,34632,1
14:49:48,9.35,20,18700,-1
14:49:45,9.36,10,9360,1
14:49:42,9.36,347,324792,1
14:49:39,9.35,36,33660,-1
14:49:36,9.36,72,67392,1
14:49:33,9.36,30,28080,1
14:49:30,9.36,14,13104,1
14:49:27,9.36,10,9360,1
14:49:18,9.36,17,15911,1
14:49:15,9.35,50,46750,-1
14:49:09,9.36,202,189072,1
14:49:06,9.35,16,14960,-1
14:49:03,9.35,90,84150,-1
14:49:00,9.36,12,11232,1
14:48:57,9.35,10,9350,-1
14:48:54,9.36,17,15911,1
14:48:51,9.35,14,13090,-1
14:48:48,9.36,88,82368,1
14:48:45,9.35,60,56100,-1
14:48:42,9.35,74,69190,-1
14:48:39,9.35,239,224306,1
14:48:36,9.35,33,30855,1
14:48:33,9.35,2,1870,1
14:48:30,9.35,1,935,1
14:48:24,9.35,30,28050,1
14:48:18,9.34,21,19614,-1
14:48:09,9.35,326,304810,1
14:48:03,9.34,1,934,-1
14:48:00,9.35,2,1870,1
14:47:54,9.34,61,56974,-1
14:47:51,9.34,4,3736,-1
14:47:48,9.35,111,103785,1
14:47:45,9.34,1,934,-1
14:47:42,9.35,20,18700,1
14:47:39,9.34,10,9340,-1
14:47:33,9.34,5,4670,-1
14:47:30,9.35,6,5610,1
14:47:27,9.35,27,25245,1
14:47:24,9.34,602,562268,-1
14:47:21,9.35,106,99110,1
14:47:18,9.35,8,7480,1
14:47:15,9.35,102,95370,1
14:47:12,9.34,28,26152,-1
14:47:09,9.35,11,10285,1
14:47:06,9.35,366,342303,-1
14:47:03,9.35,40,37400,-1
14:47:00,9.36,2,1872,1
14:46:57,9.35,1,935,-1
14:46:54,9.35,10,9350,-1
14:46:51,9.35,698,653471,1
14:46:48,9.35,160,149600,1
14:46:45,9.34,214,199876,-1
14:46:39,9.35,5,4675,1
14:46:33,9.35,80,74800,1
14:46:30,9.35,2,1870,1
14:46:27,9.35,82,76670,1
14:46:24,9.35,100,93500,1
14:46:21,9.35,167,156238,-1
14:46:18,9.36,18,16848,1
14:46:15,9.36,11,10296,1
14:46:12,9.35,182,170170,-1
14:46:09,9.35,102,95370,-1
14:46:06,9.35,13,12155,-1
14:46:03,9.36,29,27144,1
14:46:00,9.36,56,52416,1
14:45:57,9.36,1,936,1
14:45:51,9.36,70,65519,1
14:45:48,9.35,43,40205,-1
14:45:45,9.36,264,247103,-1
14:45:39,9.37,1,936,1
14:45:36,9.36,30,28080,-1
14:45:33,9.37,11,10307,1
14:45:30,9.37,101,94636,1
14:45:27,9.37,2,1873,1
14:45:24,9.36,10,9360,-1
14:45:21,9.37,38,35606,1
14:45:18,9.37,1,936,1
14:45:15,9.36,10,9360,-1
14:45:12,9.37,22,20614,1
14:45:09,9.37,1,936,1
14:45:03,9.37,297,278289,1
14:45:00,9.37,64,59967,1
14:44:57,9.37,156,146172,1
14:44:54,9.36,1,936,-1
14:44:51,9.37,169,158353,1
14:44:45,9.35,205,191675,-1
14:44:42,9.36,241,226418,1
14:44:39,9.36,5,4680,1
14:44:36,9.35,23,21505,-1
14:44:33,9.36,5,4680,1
14:44:30,9.36,52,48672,1
14:44:24,9.35,32,29920,-1
14:44:21,9.35,6,5610,-1
14:44:18,9.35,3,2805,-1
14:44:15,9.36,10,9360,1
14:44:09,9.35,1,935,1
14:44:06,9.35,45,42075,1
14:44:00,9.35,481,449735,1
14:43:57,9.35,1,935,1
14:43:54,9.35,46,43010,1
14:43:51,9.34,28,26152,-1
14:43:48,9.35,30,28050,1
14:43:45,9.35,27,25245,1
14:43:39,9.34,100,93400,-1
14:43:36,9.34,4,3736,-1
14:43:33,9.34,17,15878,-1
14:43:27,9.34,111,103674,1
14:43:24,9.34,3,2802,1
14:43:21,9.34,10,9340,1
14:43:18,9.34,2,1868,1
14:43:15,9.34,57,53238,-1
14:43:12,9.34,20,18680,-1
14:43:09,9.35,2,1870,1
14:43:06,9.33,208,194064,-1
14:43:03,9.33,10,9330,-1
14:43:00,9.35,2,1870,1
14:42:54,9.33,132,123156,-1
14:42:48,9.35,1,935,1
14:42:45,9.33,218,203394,-1
14:42:42,9.33,149,139017,-1
14:42:39,9.35,2,1870,1
14:42:36,9.35,4,3740,1
14:42:33,9.33,2000,1866000,-1
14:42:30,9.36,1,936,1
14:42:27,9.35,2,1870,-1
14:42:24,9.36,30,28080,1
14:42:21,9.36,1,936,1
14:42:18,9.36,2,1872,1
14:42:15,9.36,30,28080,1
14:42:09,9.36,79,73944,1
14:42:06,9.36,32,29952,-1
14:42:03,9.36,4,3744,-1
14:42:00,9.36,360,336960,-1
14:41:57,9.37,12,11243,1
14:41:51,9.36,20,18720,-1
14:41:48,9.37,11,10307,1
14:41:45,9.37,74,69338,1
14:41:42,9.37,5,4685,1
14:41:39,9.37,39,36543,1
14:41:36,9.37,2,1873,1
14:41:33,9.36,54,50544,-1
14:41:30,9.36,130,121679,-1
14:41:27,9.37,2,1873,1
14:41:24,9.37,99,92762,1
14:41:18,9.37,1,936,1
14:41:15,9.37,10,9370,1
14:41:12,9.37,42,39354,1
14:41:09,9.37,20,18740,1
14:41:06,9.37,20,18740,0
14:41:03,9.37,242,226753,-1
14:41:00,9.38,50,46900,1
14:40:57,9.37,8,7495,-1
14:40:54,9.38,5,4690,1
14:40:51,9.37,30,28109,-1
14:40:48,9.38,62,58156,1
14:40:45,9.38,13,12194,1
14:40:42,9.37,5,4685,-1
14:40:39,9.38,1,938,1
14:40:36,9.37,53,49660,-1
14:40:33,9.37,215,201454,-1
14:40:30,9.37,10,9370,-1
14:40:27,9.38,34,31892,1
14:40:24,9.38,8,7504,1
14:40:18,9.38,2,1876,1
14:40:12,9.37,399,373862,-1
14:40:06,9.38,5,4690,1
14:40:00,9.37,14,13117,0
14:39:57,9.38,25,23450,1
14:39:54,9.37,29,27172,-1
14:39:51,9.37,20,18740,-1
14:39:48,9.37,135,126494,1
14:39:45,9.37,22,20614,1
14:39:39,9.37,41,38417,1
14:39:36,9.37,4,3747,1
14:39:33,9.37,3,2810,1
14:39:30,9.37,1,936,1
14:39:27,9.37,30,28109,-1
14:39:24,9.37,10,9370,-1
14:39:18,9.37,203,190210,-1
14:39:15,9.38,57,53466,1
14:39:06,9.38,3,2814,1
14:39:03,9.37,130,121809,-1
14:39:00,9.38,2,1876,1
14:38:57,9.37,28,26235,-1
14:38:48,9.38,15,14070,1
14:38:45,9.38,10,9380,1
14:38:42,9.38,945,886447,-1
14:38:39,9.38,16,15008,-1
14:38:36,9.39,122,114558,1
14:38:30,9.38,70,65660,-1
14:38:27,9.39,1,939,1
14:38:24,9.39,32,30048,1
14:38:21,9.39,28,26292,1
14:38:18,9.39,32,30048,1
14:38:12,9.39,17,15963,1
14:38:06,9.39,1,939,1
14:38:03,9.39,9,8451,-1
14:37:57,9.4,2,1880,1
14:37:54,9.39,1,939,-1
14:37:51,9.4,18,16920,1
14:37:48,9.4,6,5640,1
14:37:45,9.4,280,263200,1
14:37:39,9.39,42,39438,1
14:37:33,9.39,12,11268,-1
14:37:30,9.4,265,249100,1
14:37:24,9.39,72,67608,1
14:37:18,9.39,22,20658,-1
14:37:15,9.39,2,1878,0
14:37:06,9.4,21,19740,1
14:37:03,9.39,30,28170,-1
14:36:57,9.4,6,5640,1
14:36:48,9.4,8,7520,1
14:36:42,9.4,38,35720,1
14:36:36,9.4,82,77080,1
14:36:27,9.4,2,1880,1
14:36:24,9.39,50,46950,-1
14:36:21,9.39,8,7512,-1
14:36:18,9.4,1,940,1
14:36:15,9.39,49,46011,-1
14:36:12,9.39,10,9390,-1
14:36:06,9.4,22,20680,1
14:36:03,9.4,66,62040,1
14:35:57,9.4,1,940,1
14:35:54,9.4,78,73320,1
14:35:48,9.4,6,5640,1
14:35:45,9.4,2,1880,1
14:35:42,9.4,10,9400,1
14:35:39,9.4,15,14109,-1
14:35:36,9.4,254,238760,-1
14:35:33,9.4,25,23500,-1
14:35:30,9.4,10,9400,-1
14:35:27,9.41,6,5646,1
14:35:24,9.41,75,70575,1
14:35:21,9.4,16,15040,-1
14:35:18,9.4,90,84600,-1
14:35:09,9.41,133,125153,1
14:35:06,9.41,2,1882,1
14:35:03,9.4,1,940,-1
14:35:00,9.41,10,9410,1
14:34:57,9.41,21,19761,1
14:34:54,9.4,65,61100,-1
14:34:51,9.4,10,9400,-1
14:34:48,9.41,5,4705,1
14:34:45,9.4,5,4700,-1
14:34:39,9.4,57,53580,-1
14:34:36,9.41,1,941,1
14:34:33,9.4,26,24440,-1
14:34:27,9.41,72,67752,1
14:34:24,9.41,20,18820,1
14:34:21,9.4,5,4700,-1
14:34:18,9.41,2,1882,1
14:34:15,9.4,132,124080,-1
14:34:09,9.4,25,23500,-1
14:34:06,9.4,12,11280,-1
14:33:57,9.41,26,24466,1
14:33:54,9.41,50,47050,1
14:33:51,9.4,195,183300,-1
14:33:48,9.41,4,3764,1
14:33:45,9.4,20,18800,-1
14:33:42,9.4,5,4700,-1
14:33:36,9.41,15,14115,-1
14:33:30,9.4,508,477520,-1
14:33:27,9.41,9,8469,-1
14:33:24,9.41,37,34817,1
14:33:21,9.41,47,44227,1
14:33:18,9.41,2,1882,1
14:33:15,9.41,1,941,1
14:33:12,9.41,35,32935,1
14:33:09,9.41,62,58342,1
14:33:06,9.41,34,31994,1
14:33:03,9.41,6,5646,1
14:33:00,9.41,527,495907,1
14:32:57,9.41,2,1882,1
14:32:54,9.41,20,18820,1
14:32:51,9.41,28,26348,1
14:32:48,9.41,10,9410,1
14:32:45,9.41,157,147737,-1
14:32:42,9.42,15,14130,1
14:32:39,9.4,219,205860,-1
14:32:36,9.41,20,18820,-1
14:32:33,9.41,343,322763,1
14:32:30,9.41,72,67752,1
14:32:27,9.41,302,284182,1
14:32:24,9.4,50,47000,-1
14:32:21,9.4,492,462480,-1
14:32:15,9.41,9,8469,1
14:32:12,9.41,35,32935,1
14:32:09,9.4,7,6580,-1
14:32:06,9.41,2,1882,1
14:32:03,9.41,27,25407,1
14:32:00,9.4,20,18800,-1
14:31:57,9.4,15,14100,-1
14:31:54,9.4,546,514170,1
14:31:51,9.39,44,41316,-1
14:31:48,9.4,15,14100,1
14:31:45,9.4,445,418300,1
14:31:42,9.39,54,50706,-1
14:31:39,9.4,647,608180,1
14:31:36,9.4,4,3760,1
14:31:33,9.39,1,939,-1
14:31:30,9.4,400,376000,1
14:31:27,9.4,2,1880,1
14:31:24,9.4,32,30080,1
14:31:21,9.39,8,7512,-1
14:31:18,9.39,18,16902,-1
14:31:15,9.4,5,4700,1
14:31:12,9.38,458,429604,-1
14:31:09,9.4,2,1880,1
14:31:06,9.4,1,940,1
14:30:57,9.39,31,29109,-1
14:30:54,9.4,185,173900,1
14:30:51,9.39,51,47889,-1
14:30:48,9.39,10,9390,0
14:30:42,9.39,44,41316,1
14:30:39,9.39,12,11268,1
14:30:36,9.39,5,4695,1
14:30:33,9.39,221,207519,1
14:30:30,9.38,67,62846,-1
14:30:27,9.39,1,939,1
14:30:21,9.39,5,4695,1
14:30:18,9.38,7,6566,-1
14:30:15,9.39,1,939,1
14:30:09,9.39,261,245079,1
14:30:06,9.39,32,30048,1
14:30:03,9.39,105,98595,1
14:29:57,9.39,51,47889,1
14:29:51,9.39,15,14085,1
14:29:48,9.39,2,1878,1
14:29:45,9.38,50,46900,-1
14:29:42,9.39,14,13146,1
14:29:39,9.39,11,10329,1
14:29:36,9.39,1,939,1
14:29:33,9.38,3,2814,-1
14:29:27,9.39,2,1878,1
14:29:24,9.38,7,6566,-1
14:29:21,9.39,7,6573,1
14:29:15,9.39,2,1878,1
14:29:12,9.38,2,1876,-1
14:29:06,9.38,29,27202,-1
14:29:03,9.38,34,31892,-1
14:28:57,9.38,278,261664,1
14:28:54,9.38,12,11256,1
14:28:51,9.37,250,234249,-1
14:28:45,9.38,1,938,1
14:28:36,9.38,8,7504,1
14:28:27,9.38,32,30016,1
14:28:24,9.38,6,5628,1
14:28:21,9.38,296,277685,-1
14:28:18,9.38,30,28140,-1
14:28:15,9.39,1,939,1
14:28:06,9.38,8,7504,-1
14:28:03,9.39,1,939,1
14:28:00,9.38,15,14070,-1
14:27:57,9.38,12,11256,-1
14:27:54,9.39,2,1878,1
14:27:45,9.38,55,52490,1
14:27:42,9.37,203,190210,-1
14:27:39,9.37,4,3747,-1
14:27:36,9.38,21,19698,1
14:27:24,9.38,12,11256,1
14:27:18,9.37,9,8433,-1
14:27:15,9.38,13,12194,1
14:27:12,9.37,1,936,-1
14:27:09,9.37,2,1873,-1
14:27:06,9.38,61,57218,1
14:26:54,9.38,21,19698,1
14:26:51,9.37,25,23462,-1
14:26:48,9.37,35,32795,-1
14:26:45,9.37,22,20614,-1
14:26:36,9.37,8,7495,-1
14:26:33,9.37,27,25298,-1
14:26:24,9.38,9,8442,1
14:26:15,9.38,1,938,1
14:26:12,9.38,100,93800,1
14:26:06,9.38,3,2814,1
14:25:57,9.37,0,899,1
14:25:54,9.37,288,269856,1
14:25:45,9.37,71,66527,1
14:25:42,9.37,182,170534,1
14:25:36,9.37,2309,2163570,-1
14:25:33,9.39,1,939,1
14:25:30,9.39,3,2817,1
14:25:24,9.39,22,20658,1
14:25:21,9.39,27,25353,1
14:25:18,9.38,15,14070,-1
14:25:15,9.39,2,1878,1
14:25:12,9.38,36,33768,-1
14:25:09,9.39,9,8451,1
14:25:06,9.39,140,131460,1
14:25:03,9.39,2,1878,1
14:24:54,9.39,2,1878,1
14:24:51,9.38,57,53466,-1
14:24:45,9.39,16,15024,1
14:24:42,9.38,2,1876,-1
14:24:39,9.39,24,22536,1
14:24:36,9.38,7,6566,-1
14:24:33,9.39,2,1878,1
14:24:30,9.38,2,1876,-1
14:24:27,9.38,122,114436,-1
14:24:18,9.39,4,3756,1
14:24:15,9.39,2,1878,1
14:24:09,9.38,10,9380,-1
14:24:06,9.39,1,939,1
14:24:03,9.38,10,9380,-1
14:24:00,9.38,17,15946,-1
14:23:54,9.38,16,15008,-1
14:23:45,9.39,2,1878,1
14:23:42,9.38,8,7504,-1
14:23:36,9.39,30,28170,1
14:23:33,9.39,6,5634,1
14:23:27,9.38,21,19698,-1
14:23:21,9.39,30,28170,1
14:23:15,9.39,11,10329,1
14:23:12,9.39,697,654483,-1
14:23:09,9.39,10,9390,-1
14:23:06,9.4,1,940,1
14:23:00,9.39,45,42255,-1
14:22:54,9.4,2,1880,1
14:22:51,9.39,27,25353,-1
14:22:48,9.4,3,2820,1
14:22:45,9.39,112,105168,-1
14:22:42,9.4,2,1880,1
14:22:36,9.39,555,521145,1
14:22:33,9.39,5,4695,1
14:22:30,9.38,15,14070,-1
14:22:27,9.39,3,2817,1
14:22:24,9.39,1,939,1
14:22:18,9.38,10,9380,-1
14:22:15,9.39,1,939,1
14:22:12,9.38,5,4690,-1
14:22:09,9.39,155,145545,1
14:22:06,9.38,103,96614,-1
14:22:00,9.38,7,6566,-1
14:21:57,9.39,11,10329,1
14:21:54,9.39,2,1878,1
14:21:51,9.39,3,2817,1
14:21:48,9.39,9,8451,1
14:21:42,9.39,2,1878,1
14:21:36,9.39,21,19719,1
14:21:33,9.39,1,939,1
14:21:27,9.38,8,7504,-1
14:21:24,9.38,93,88134,1
14:21:15,9.38,20,18760,1
14:21:12,9.38,13,12194,1
14:21:09,9.38,11,10318,1
14:21:06,9.38,91,85358,1
14:21:03,9.38,32,30016,1
14:20:57,9.38,2,1876,1
14:20:54,9.38,42,39396,1
14:20:51,9.38,14,13132,1
14:20:45,9.38,1,938,1
14:20:42,9.38,37,34706,1
14:20:39,9.37,20,18740,-1
14:20:33,9.38,16,15008,1
14:20:27,9.38,223,209174,1
14:20:24,9.38,1,938,1
14:20:18,9.37,25,23424,-1
14:20:15,9.38,2,1876,1
14:20:12,9.37,10,9370,-1
14:20:09,9.38,21,19698,1
14:20:06,9.38,115,107870,1
14:20:03,9.38,11,10318,1
14:20:00,9.37,107,100258,-1
14:19:57,9.38,9,8442,1
14:19:54,9.38,2,1876,1
14:19:51,9.37,50,46849,-1
14:19:48,9.37,6,5621,-1
14:19:45,9.38,2,1876,1
14:19:42,9.38,2,1876,1
14:19:36,9.38,123,115374,1
14:19:33,9.38,35,32830,1
14:19:30,9.37,3,2810,-1
14:19:27,9.38,10,9380,1
14:19:24,9.38,2,1876,1
14:19:21,9.37,8,7495,-1
14:19:18,9.38,120,112560,1
14:19:12,9.38,1,938,1
14:19:06,9.38,20,18760,1
14:19:03,9.38,479,449339,-1
14:19:00,9.39,5,4695,1
14:18:57,9.38,200,188500,1
14:18:54,9.38,289,271082,1
14:18:45,9.38,3,2814,1
14:18:42,9.38,33,30991,-1
14:18:39,9.38,4,3752,-1
14:18:36,9.38,510,478380,-1
14:18:33,9.39,20,18780,1
14:18:27,9.38,6,5628,-1
14:18:24,9.39,10,9390,1
14:18:18,9.38,12,11256,-1
14:18:15,9.39,1,939,1
14:18:03,9.39,1,939,1
14:18:00,9.38,20,18760,-1
14:17:54,9.39,7,6573,1
14:17:51,9.38,64,60032,-1
14:17:48,9.38,5,4690,-1
14:17:45,9.38,42,40296,1
14:17:42,9.38,25,23450,1
14:17:39,9.37,9,8433,-1
14:17:36,9.38,11,10318,1
14:17:33,9.37,11,10307,-1
14:17:24,9.38,2,1876,1
14:17:21,9.38,52,48776,1
14:17:18,9.37,7,6558,-1
14:17:12,9.37,41,38417,-1
14:17:09,9.37,110,103069,-1
14:17:06,9.37,10,9370,-1
14:17:03,9.38,1,938,1
14:16:57,9.37,77,72149,1
14:16:54,9.36,289,270504,-1
14:16:51,9.36,47,43992,-1
14:16:48,9.37,159,148983,1
14:16:42,9.37,1,936,1
14:16:39,9.37,300,281100,0
14:16:33,9.38,2,1876,1
14:16:30,9.38,4,3752,1
14:16:27,9.38,81,76006,1
14:16:24,9.38,91,85358,1
14:16:21,9.37,11,10307,-1
14:16:18,9.37,1,936,-1
14:16:15,9.37,513,480680,-1
14:16:12,9.38,10,9380,1
14:16:06,9.38,6,5628,1
14:16:03,9.38,3,2814,1
14:16:00,9.37,50,46849,-1
14:15:54,9.38,27,25326,-1
14:15:51,9.39,9,8451,1
14:15:45,9.38,7,6566,-1
14:15:42,9.39,2,1878,1
14:15:39,9.39,42,39438,1
14:15:36,9.38,34,31892,0
14:15:27,9.39,80,75120,1
14:15:24,9.38,1,938,1
14:15:21,9.38,5,4690,1
14:15:18,9.38,17,15946,-1
14:15:15,9.38,22,20636,-1
14:15:12,9.39,2,1878,1
14:15:09,9.39,15,14085,1
14:15:06,9.38,7,6566,-1
14:15:03,9.39,2,1878,1
14:14:57,9.38,1,938,-1
14:14:54,9.39,28,26292,1
14:14:51,9.38,56,52528,-1
14:14:48,9.38,10,9380,-1
14:14:42,9.39,20,18780,1
14:14:39,9.38,24,22512,-1
14:14:33,9.38,20,18760,-1
14:14:30,9.38,10,9380,-1
14:14:27,9.39,68,63852,1
14:14:21,9.39,2,1878,1
14:14:18,9.37,808,757095,-1
14:14:15,9.38,10,9380,-1
14:14:12,9.38,57,53466,1
14:14:06,9.38,20,18760,1
14:14:03,9.38,23,21574,1
14:13:57,9.37,25,23424,-1
14:13:54,9.38,1,938,1
14:13:42,9.37,12,11243,-1
14:13:36,9.37,10,9370,-1
14:13:33,9.38,2,1876,1
14:13:30,9.37,5,4685,-1
14:13:21,9.37,3,3719,1
14:13:15,9.37,9,8433,1
14:13:12,9.37,20,18740,1
14:13:09,9.37,49,45912,1
14:13:06,9.37,115,107754,1
14:13:03,9.37,43,40291,1
14:13:00,9.37,39,36543,1
14:12:57,9.37,131,122746,1
14:12:48,9.36,399,374381,1
14:12:42,9.36,22,20592,1
14:12:36,9.36,70,65519,1
14:12:33,9.35,17,15895,-1
14:12:30,9.36,47,43992,1
14:12:27,9.36,10,9360,1
14:12:24,9.36,1,936,1
14:12:21,9.36,78,73008,1
14:12:18,9.36,102,95472,1
14:12:15,9.36,41,38376,1
14:12:12,9.36,77,72072,1
14:12:09,9.35,12,11220,-1
14:12:06,9.35,30,28050,-1
14:12:03,9.36,607,568152,1
14:12:00,9.36,30,28080,1
14:11:57,9.36,320,299520,1
14:11:51,9.36,128,119808,1
14:11:48,9.35,91,85085,-1
14:11:45,9.36,22,20592,1
14:11:42,9.36,36,33696,1
14:11:39,9.35,10,9350,-1
14:11:36,9.35,14,13090,-1
14:11:33,9.36,1,936,1
14:11:30,9.35,4,3740,-1
14:11:27,9.36,213,199368,1
14:11:24,9.35,67,62645,-1
14:11:21,9.36,210,196560,1
14:11:18,9.35,163,152405,-1
14:11:12,9.35,309,288915,-1
14:11:09,9.35,64,59840,-1
14:11:06,9.35,10,9350,-1
14:11:03,9.36,23,21528,1
14:11:00,9.35,370,345950,-1
14:10:57,9.35,480,448800,-1
14:10:54,9.36,20,18720,1
14:10:51,9.36,38,35568,1
14:10:48,9.36,184,172224,-1
14:10:42,9.36,103,96408,-1
14:10:36,9.36,414,387504,-1
14:10:33,9.37,22,20614,1
14:10:27,9.37,2,1873,1
14:10:24,9.37,1192,1116904,-1
14:10:21,9.37,10,9370,-1
14:10:15,9.37,17,15928,-1
14:10:12,9.37,12,11243,-1
14:10:09,9.38,20,18760,1
14:10:06,9.37,10,9370,-1
14:10:03,9.38,2,1876,1
14:10:00,9.37,10,9370,-1
14:09:54,9.38,16,15008,1
14:09:51,9.38,29,27202,1
14:09:48,9.38,3678,3449982,-1
14:09:45,9.4,1,940,1
14:09:42,9.4,2,1880,1
14:09:39,9.4,10,9400,0
14:09:33,9.41,20,18820,1
14:09:30,9.4,2,1880,1
14:09:27,9.4,29,27983,-1
14:09:24,9.4,54,50760,-1
14:09:21,9.41,1,941,1
14:09:18,9.4,6,5640,-1
14:09:15,9.4,379,356476,1
14:09:12,9.39,10,9390,-1
14:09:06,9.4,6,5640,1
14:09:03,9.4,100,94000,1
14:09:00,9.4,139,130660,1
14:08:51,9.4,1,940,1
14:08:48,9.4,5,4700,1
14:08:45,9.39,32,30048,-1
14:08:42,9.4,42,39480,1
14:08:39,9.4,294,276360,1
14:08:30,9.4,87,82701,1
14:08:27,9.4,11,10340,1
14:08:21,9.4,2,1880,1
14:08:15,9.39,12,11268,-1
14:08:12,9.39,36,33804,-1
14:08:00,9.4,2,1880,1
14:07:54,9.39,5,4695,-1
14:07:51,9.4,17,15980,1
14:07:45,9.4,1,940,1
14:07:42,9.4,2,1880,1
14:07:33,9.39,6,5634,-1
14:07:30,9.4,21,19740,1
14:07:27,9.39,285,267615,-1
14:07:21,9.4,37,34780,1
14:07:18,9.39,17,15963,-1
14:07:15,9.39,99,92961,-1
14:07:12,9.4,2,1880,1
14:07:09,9.39,13,12207,-1
14:07:06,9.39,8,7512,-1
14:07:03,9.39,10,9390,-1
14:07:00,9.4,15,14100,1
14:06:57,9.39,2,1878,-1
14:06:51,9.4,1,940,1
14:06:48,9.39,181,169959,-1
14:06:42,9.4,9,8460,1
14:06:36,9.39,40,37560,-1
14:06:30,9.39,72,67608,-1
14:06:27,9.4,13,12220,1
14:06:24,9.39,41,38499,-1
14:06:21,9.4,21,19740,1
14:06:12,9.4,42,39480,1
14:06:06,9.4,39,36660,1
14:06:03,9.39,12,11268,-1
14:06:00,9.4,13,12220,1
14:05:51,9.4,1,940,1
14:05:48,9.39,37,34743,-1
14:05:45,9.39,54,50706,-1
14:05:42,9.4,31,29140,1
14:05:39,9.4,41,38540,1
14:05:36,9.4,51,47940,1
14:05:30,9.4,2,1880,1
14:05:24,9.4,3,2989,-1
14:05:21,9.4,101,94940,-1
14:05:18,9.4,40,37600,-1
14:05:15,9.4,7,6580,-1
14:05:12,9.41,34,31994,1
14:05:09,9.4,143,134420,-1
14:05:03,9.4,32,30080,-1
14:05:00,9.41,68,63988,1
14:04:51,9.41,22,20702,1
14:04:48,9.4,82,77080,-1
14:04:45,9.4,34,31960,-1
14:04:42,9.41,6,5646,1
14:04:39,9.4,62,58280,-1
14:04:36,9.41,1,941,1
14:04:30,9.41,1,941,1
14:04:24,9.4,27,25380,-1
14:04:21,9.41,50,47050,1
14:04:15,9.41,58,54578,1
14:04:12,9.4,9,8460,-1
14:04:09,9.4,40,37600,-1
14:04:06,9.4,35,32900,-1
14:04:03,9.41,1,941,1
14:04:00,9.41,425,399925,1
14:03:51,9.41,1,941,1
14:03:48,9.41,59,55519,-1
14:03:45,9.41,23,21643,1
14:03:42,9.41,490,461090,-1
14:03:39,9.42,87,81954,1
14:03:36,9.41,65,61165,-1
14:03:33,9.41,37,34817,-1
14:03:30,9.41,126,118566,-1
14:03:27,9.41,42,39522,-1
14:03:24,9.42,66,62172,1
14:03:18,9.41,20,18820,-1
14:03:15,9.41,160,150560,1
14:03:12,9.4,20,18800,-1
14:03:09,9.41,146,137386,1
14:03:00,9.41,43,40463,1
14:02:57,9.41,180,169380,-1
14:02:54,9.42,1,942,1
14:02:51,9.41,48,45168,-1
14:02:48,9.42,11,10362,1
14:02:42,9.41,1,941,-1
14:02:39,9.42,50,47100,1
14:02:36,9.42,1,942,1
14:02:33,9.41,5,4705,-1
14:02:30,9.41,38,35758,1
14:02:27,9.41,20,18820,1
14:02:21,9.41,2,1882,1
14:02:18,9.4,71,66740,-1
14:02:15,9.4,8,7520,-1
14:02:12,9.41,58,54578,1
14:02:09,9.41,17,15997,1
14:02:00,9.41,192,180672,1
14:01:54,9.41,100,94100,-1
14:01:48,9.42,3,2826,1
14:01:45,9.42,2,1884,1
14:01:42,9.41,31,29171,-1
14:01:39,9.42,2,1884,1
14:01:33,9.41,41,38581,-1
14:01:30,9.41,32,30112,-1
14:01:24,9.41,40,37640,-1
14:01:21,9.41,16,15056,-1
14:01:18,9.41,7,6587,-1
14:01:09,9.41,54,50814,1
14:01:00,9.41,2,1882,1
14:00:54,9.4,40,37600,-1
14:00:51,9.4,9,8460,-1
14:00:48,9.41,1,941,1
14:00:45,9.41,18,16938,1
14:00:42,9.41,30,28230,1
14:00:39,9.41,1,941,1
14:00:30,9.41,2,1882,1
14:00:27,9.41,55,51755,1
14:00:21,9.41,1,941,1
14:00:18,9.41,1,941,1
14:00:15,9.4,25,23500,-1
14:00:09,9.41,1,941,0
14:00:06,9.42,108,101736,1
14:00:03,9.4,1,940,-1
14:00:00,9.41,13,12233,1
13:59:57,9.4,20,18800,-1
13:59:54,9.41,2,1882,1
13:59:51,9.41,2,1882,1
13:59:48,9.41,9,8469,1
13:59:45,9.41,202,190082,1
13:59:39,9.41,1,941,1
13:59:33,9.41,15,14115,1
13:59:30,9.41,2,1882,1
13:59:24,9.41,100,94100,1
13:59:21,9.41,1,941,1
13:59:18,9.41,36,33876,1
13:59:15,9.41,263,247483,-1
13:59:09,9.42,92,86664,1
13:59:03,9.41,7,6587,-1
13:59:00,9.42,2,1884,1
13:58:57,9.41,5,4705,-1
13:58:51,9.42,3,2826,0
13:58:48,9.43,110,103730,1
13:58:45,9.42,160,150776,-1
13:58:42,9.42,4,3768,-1
13:58:39,9.43,1,943,1
13:58:36,9.42,6,5652,-1
13:58:33,9.42,11,10362,-1
13:58:30,9.42,51,48042,-1
13:58:24,9.42,15,14130,-1
13:58:21,9.43,6,5658,1
13:58:18,9.42,300,282600,-1
13:58:15,9.42,48,45216,-1
13:58:09,9.42,151,142242,-1
13:58:06,9.43,14,13202,1
13:58:00,9.42,106,99852,-1
13:57:54,9.43,27,25461,1
13:57:51,9.42,12,11304,-1
13:57:45,9.42,15,14130,-1
13:57:39,9.43,27,25461,1
13:57:36,9.43,11,10373,1
13:57:30,9.43,10,9430,1
13:57:24,9.43,60,56580,1
13:57:21,9.43,1,943,1
13:57:15,9.42,15,14130,-1
13:57:12,9.43,84,79212,1
13:57:09,9.43,18,16974,1
13:57:06,9.43,20,18860,1
13:57:03,9.42,81,76302,-1
13:56:57,9.43,85,80155,1
13:56:48,9.43,2,1886,1
13:56:45,9.43,150,141450,1
13:56:42,9.43,18,16974,-1
13:56:39,9.44,51,48144,1
13:56:36,9.44,140,132160,1
13:56:33,9.43,46,43378,-1
13:56:30,9.44,1,944,1
13:56:27,9.44,5,4720,1
13:56:21,9.44,2,1888,1
13:56:18,9.44,50,47200,1
13:56:12,9.43,21,19803,-1
13:56:09,9.44,68,64192,1
13:56:03,9.43,1,943,-1
13:56:00,9.43,6,5658,-1
13:55:57,9.43,11,10373,-1
13:55:54,9.44,60,56640,1
13:55:48,9.44,6,5664,1
13:55:42,9.44,26,24544,1
13:55:39,9.43,54,50931,-1
13:55:36,9.43,0,933,0
13:55:33,9.44,87,82826,1
13:55:30,9.44,352,332533,1
13:55:27,9.43,2,1886,1
13:55:24,9.43,457,431648,-1
13:55:21,9.44,4,3776,1
13:55:18,9.44,2,1888,1
13:55:15,9.43,20,18860,-1
13:55:12,9.43,8,7544,-1
13:55:09,9.44,11,10384,1
13:55:06,9.43,11,10373,-1
13:55:00,9.43,12,11316,-1
13:54:57,9.44,5,4720,1
13:54:54,9.44,1,944,1
13:54:51,9.43,61,57523,-1
13:54:48,9.44,3,2832,1
13:54:42,9.44,5,4720,1
13:54:39,9.44,2,1888,1
13:54:36,9.43,30,28290,-1
13:54:33,9.43,4,3772,-1
13:54:30,9.44,2,1888,1
13:54:21,9.43,60,56580,-1
13:54:18,9.43,134,126607,1
13:54:09,9.43,15,14145,1
13:54:03,9.43,44,42189,-1
13:54:00,9.43,7,6601,-1
13:53:57,9.43,28,26404,-1
13:53:54,9.43,19,18162,1
13:53:48,9.43,2,1886,1
13:53:45,9.43,60,56580,1
13:53:42,9.42,32,30144,-1
13:53:39,9.43,61,57523,1
13:53:36,9.42,20,18840,-1
13:53:33,9.43,5,4715,1
13:53:30,9.43,21,19803,1
13:53:27,9.43,41,38663,1
13:53:21,9.43,439,413977,1
13:53:18,9.42,10,9420,-1
13:53:15,9.42,27,25434,-1
13:53:06,9.43,185,174455,1
13:53:03,9.43,8,7544,1
13:53:00,9.42,95,89490,-1
13:52:54,9.43,23,21689,1
13:52:51,9.43,87,82757,-1
13:52:48,9.43,1492,1406956,-1
13:52:45,9.43,22,20746,-1
13:52:39,9.43,987,930741,-1
13:52:36,9.43,16,15088,-1
13:52:33,9.43,10,9430,-1
13:52:30,9.43,7,6601,-1
13:52:27,9.43,42,39606,-1
13:52:21,9.43,5,4715,-1
13:52:18,9.43,88,83210,1
13:52:15,9.43,5,4715,1
13:52:12,9.43,5,4715,1
13:52:09,9.43,138,130134,1
13:52:06,9.42,18,16956,-1
13:52:03,9.43,6,5658,1
13:52:00,9.43,2,1886,-1
13:51:57,9.43,9,9411,1
13:51:54,9.43,8,7544,1
13:51:51,9.43,24,22632,-1
13:51:48,9.43,26,24518,1
13:51:42,9.43,5,4715,1
13:51:39,9.43,3,2829,1
13:51:36,9.43,105,99015,1
13:51:33,9.42,30,28260,-1
13:51:30,9.43,24,22632,1
13:51:27,9.43,11,10373,1
13:51:21,9.42,55,51810,-1
13:51:18,9.43,89,83927,-1
13:51:15,9.44,122,115168,1
13:51:12,9.42,10,9420,-1
13:51:09,9.43,29,27347,-1
13:51:06,9.44,74,69856,1
13:51:00,9.43,645,608235,1
13:50:57,9.42,6,5652,-1
13:50:54,9.42,200,188400,-1
13:50:51,9.42,5,4710,-1
13:50:45,9.42,224,211008,-1
13:50:42,9.43,35,33005,-1
13:50:39,9.43,145,136735,-1
13:50:33,9.43,130,122590,0
13:50:30,9.42,10,9420,-1
13:50:27,9.42,100,95104,-1
13:50:24,9.43,153,144279,1
13:50:18,9.42,70,65940,-1
13:50:15,9.43,40,37720,1
13:50:12,9.43,19,17917,-1
13:50:09,9.43,4,3772,-1
13:50:06,9.43,53,49979,-1
13:50:03,9.43,7,6601,-1
13:49:57,9.43,50,48083,1
13:49:54,9.42,1,942,-1
13:49:51,9.42,20,18840,-1
13:49:48,9.43,30,28290,1
13:49:39,9.42,18,16956,-1
13:49:36,9.43,5,4715,1
13:49:30,9.42,98,92316,-1
13:49:24,9.43,486,458298,1
13:49:21,9.42,2,1884,-1
13:49:18,9.43,70,66010,1
13:49:15,9.42,108,101736,-1
13:49:12,9.42,40,37680,-1
13:49:09,9.42,20,18840,-1
13:49:06,9.43,6,5658,1
13:49:00,9.42,23,21666,-1
13:48:54,9.43,20,18860,1
13:48:51,9.43,3,2829,1
13:48:48,9.43,10,9430,1
13:48:45,9.43,1,943,1
13:48:42,9.43,146,137687,-1
13:48:39,9.43,14,13202,-1
13:48:36,9.43,6,5658,-1
13:48:33,9.43,2,1886,-1
13:48:30,9.43,5,4715,-1
13:48:24,9.43,51,48093,-1
13:48:21,9.44,12,11328,1
13:48:18,9.43,51,48093,-1
13:48:15,9.43,5,4715,-1
13:48:12,9.43,8,7544,-1
13:48:09,9.44,22,20768,1
13:48:06,9.44,705,666454,1
13:48:00,9.43,27,25461,1
13:47:57,9.43,796,750637,-1
13:47:51,9.44,25,23600,1
13:47:48,9.44,311,293584,1
13:47:42,9.44,16,15104,1
13:47:39,9.44,24,22656,1
13:47:36,9.44,16,15104,1
13:47:33,9.44,428,404032,-1
13:47:30,9.44,60,56640,-1
13:47:27,9.44,20,18880,-1
13:47:24,9.44,5,4720,-1
13:47:21,9.44,76,71744,1
13:47:18,9.44,232,219008,1
13:47:15,9.43,23,21689,-1
13:47:09,9.44,1324,1249856,1
13:47:06,9.44,31,29264,1
13:47:03,9.43,70,66010,-1
13:46:57,9.44,56,52864,1
13:46:54,9.43,364,343252,-1
13:46:51,9.43,101,95243,-1
13:46:45,9.44,463,438006,1
13:46:42,9.42,58,54636,-1
13:46:39,9.43,139,131077,1
13:46:33,9.43,60,56580,1
13:46:30,9.42,79,74418,-1
13:46:24,9.42,100,94200,-1
13:46:21,9.42,14,13188,-1
13:46:18,9.42,397,373974,1
13:46:15,9.41,12,11292,-1
13:46:12,9.42,39,36738,1
13:46:09,9.41,2,1882,-1
13:46:03,9.42,77,72534,1
13:46:00,9.42,5,4710,1
13:45:48,9.41,591,556131,1
13:45:45,9.4,41,38540,-1
13:45:39,9.4,1,940,-1
13:45:36,9.4,26,24440,-1
13:45:33,9.4,10,9400,-1
13:45:27,9.41,34,31994,1
13:45:21,9.4,5,4700,-1
13:45:15,9.4,24,22560,-1
13:45:09,9.4,25,23500,-1
13:45:06,9.4,76,71440,-1
13:45:00,9.41,20,18820,1
13:44:54,9.4,10,9400,-1
13:44:45,9.4,5,4700,-1
13:44:39,9.4,15,14100,-1
13:44:33,9.4,5,4700,-1
13:44:30,9.4,16,15040,-1
13:44:24,9.4,21,20510,1
13:44:12,9.4,234,220129,-1
13:44:09,9.4,24,22560,-1
13:44:03,9.41,52,48932,-1
13:44:00,9.41,96,91267,1
13:43:57,9.41,71,66811,1
13:43:54,9.4,104,97760,-1
13:43:48,9.41,465,437565,1
13:43:45,9.4,60,56400,-1
13:43:42,9.4,87,81780,-1
13:43:36,9.4,52,48880,-1
13:43:30,9.41,6,5646,1
13:43:27,9.4,10,9400,-1
13:43:21,9.4,14,13160,-1
13:43:12,9.4,112,105280,-1
13:43:09,9.4,9,8460,-1
13:43:06,9.4,9,9240,1
13:43:03,9.4,3,2820,1
13:43:00,9.4,35,32900,1
13:42:57,9.4,148,139120,1
13:42:51,9.4,62,58280,1
13:42:48,9.4,5,4700,1
13:42:42,9.39,300,281700,-1
13:42:39,9.4,10,9400,1
13:42:36,9.4,10,9400,1
13:42:33,9.39,2,1878,-1
13:42:27,9.39,57,53523,-1
13:42:24,9.39,6,5634,-1
13:42:21,9.39,19,17841,-1
13:42:18,9.39,5,4695,-1
13:42:15,9.39,1,939,-1
13:42:09,9.39,1,939,-1
13:42:00,9.39,22,20658,-1
13:41:54,9.39,31,29109,1
13:41:51,9.38,10,9380,-1
13:41:45,9.39,72,67608,1
13:41:42,9.39,14,13146,1
13:41:36,9.4,1000,940000,1
13:41:21,9.39,6,5634,1
13:41:15,9.38,8,7504,-1
13:41:12,9.39,4,3756,1
13:41:06,9.39,59,55401,1
13:41:03,9.38,112,105056,-1
13:41:00,9.4,13,12220,1
13:40:57,9.4,91,85540,1
13:40:54,9.39,590,554010,-1
13:40:51,9.4,47,44180,1
13:40:48,9.39,75,70425,-1
13:40:45,9.39,122,114558,-1
13:40:42,9.39,80,75120,-1
13:40:36,9.39,31,29109,-1
13:40:12,9.39,45,42255,-1
13:40:09,9.4,41,38540,1
13:40:03,9.39,7,6573,-1
13:40:00,9.4,4,3760,1
13:39:57,9.4,105,98700,1
13:39:54,9.39,143,134277,-1
13:39:51,9.39,1,939,-1
13:39:48,9.39,3,2817,-1
13:39:45,9.39,21,19719,-1
13:39:39,9.4,5,4700,1
13:39:33,9.39,50,46950,-1
13:39:27,9.39,50,46950,-1
13:39:15,9.39,15,14085,-1
13:39:12,9.4,466,438199,-1
13:39:09,9.4,300,282000,-1
13:39:06,9.4,38,35720,-1
13:39:03,9.4,10,9400,-1
13:39:00,9.4,22,20680,-1
13:38:54,9.4,2,1880,-1
13:38:51,9.4,1,940,-1
13:38:48,9.4,4,3760,-1
13:38:45,9.4,5,4700,-1
13:38:36,9.4,3,2820,-1
13:38:33,9.41,5,4705,1
13:38:30,9.41,5,4705,1
13:38:27,9.4,19,17860,-1
13:38:24,9.41,4,3764,1
13:38:15,9.41,10,9410,1
13:38:12,9.4,5,4700,-1
13:38:06,9.41,45,42345,-1
13:38:03,9.41,15,14115,-1
13:37:57,9.41,20,18820,-1
13:37:54,9.41,63,59283,1
13:37:45,9.4,10,9400,-1
13:37:42,9.41,18,16938,0
13:37:36,9.4,49,46840,-1
13:37:30,9.41,9,8469,1
13:37:27,9.41,91,85631,-1
13:37:18,9.42,51,48042,1
13:37:15,9.42,34,32188,-1
13:37:12,9.43,78,73554,1
13:37:09,9.43,2,1886,1
13:37:06,9.43,91,85813,1
13:37:03,9.43,342,322506,1
13:37:00,9.42,32,30144,-1
13:36:57,9.42,30,28260,-1
13:36:54,9.42,7,6594,-1
13:36:51,9.42,64,60288,-1
13:36:48,9.42,30,28260,-1
13:36:45,9.42,1332,1255525,1
13:36:39,9.4,2,1880,-1
13:36:36,9.4,1,940,-1
13:36:33,9.41,68,63988,1
13:36:30,9.41,12,11292,1
13:36:24,9.4,1,940,-1
13:36:21,9.4,4,3760,-1
13:36:18,9.41,35,32935,1
13:36:15,9.4,227,213380,-1
13:36:12,9.41,1224,1151784,1
13:36:09,9.4,100,94000,-1
13:36:03,9.41,113,106333,1
13:35:54,9.4,505,474700,1
13:35:51,9.39,235,220665,-1
13:35:48,9.39,20,18780,-1
13:35:45,9.41,515,484615,1
13:35:42,9.39,10,9390,-1
13:35:39,9.39,10,9390,-1
13:35:36,9.39,117,109863,-1
13:35:33,9.4,56,52640,1
13:35:30,9.39,10,9390,-1
13:35:27,9.4,45,42300,1
13:35:24,9.39,156,146484,-1
13:35:18,9.4,200,188000,1
13:35:15,9.4,204,192662,1
13:35:12,9.4,191,179540,1
13:35:09,9.39,7,6573,-1
13:35:06,9.4,17,15980,1
13:35:03,9.39,53,49767,-1
13:34:54,9.39,86,80754,1
13:34:51,9.39,30,28170,1
13:34:48,9.39,3,2817,1
13:34:45,9.39,102,95778,-1
13:34:42,9.39,148,138972,-1
13:34:39,9.39,5,4695,-1
13:34:36,9.4,41,38540,1
13:34:33,9.37,5,4685,-1
13:34:27,9.38,60,56280,-1
13:34:24,9.38,17,15946,0
13:34:21,9.37,38,35606,-1
13:34:18,9.38,11,10318,1
13:34:15,9.38,3,2814,1
13:34:12,9.38,286,268268,1
13:34:09,9.37,23,21551,-1
13:34:00,9.38,47,44086,1
13:33:57,9.37,55,51534,-1
13:33:54,9.38,100,93800,1
13:33:51,9.37,50,46849,-1
13:33:48,9.38,39,36582,1
13:33:39,9.37,25,23424,-1
13:33:36,9.37,13,12180,-1
13:33:30,9.38,10,9380,1
13:33:27,9.38,83,77854,1
13:33:24,9.37,13,12180,-1
13:33:21,9.37,18,16866,-1
13:33:18,9.37,11,10307,-1
13:33:15,9.37,536,502231,1
13:33:12,9.36,46,43056,-1
13:33:09,9.37,326,305462,1
13:33:06,9.36,5,4680,-1
13:33:03,9.37,24,22487,1
13:33:00,9.37,200,187399,1
13:32:57,9.37,2,1873,1
13:32:54,9.37,10,9370,1
13:32:48,9.37,50,46849,1
13:32:45,9.37,13,12180,1
13:32:42,9.37,43,40291,1
13:32:39,9.37,70,65590,-1
13:32:33,9.37,86,80582,-1
13:32:30,9.37,10,9370,-1
13:32:27,9.37,715,669955,-1
13:32:24,9.37,2,1873,-1
13:32:21,9.37,21,19677,-1
13:32:18,9.37,6,5621,-1
13:32:15,9.37,23,21551,-1
13:32:09,9.38,15,14070,1
13:32:06,9.37,14,13117,-1
13:32:00,9.38,3,2814,1
13:31:57,9.38,260,243880,-1
13:31:54,9.38,7,6566,-1
13:31:51,9.38,6,5628,-1
13:31:48,9.38,206,193228,-1
13:31:42,9.38,46,43148,-1
13:31:39,9.39,34,31926,1
13:31:36,9.39,15,14085,1
13:31:33,9.39,5,4695,1
13:31:30,9.38,50,46900,-1
13:31:27,9.38,203,190414,-1
13:31:18,9.39,16,15024,1
13:31:15,9.38,60,56280,-1
13:31:06,9.39,50,46950,1
13:31:03,9.39,406,381234,-1
13:30:54,9.4,235,220900,-1
13:30:51,9.4,10,9400,-1
13:30:45,9.4,30,28200,-1
13:30:42,9.4,71,66740,-1
13:30:39,9.41,13,12233,1
13:30:36,9.4,320,300800,-1
13:30:33,9.4,332,312080,-1
13:30:30,9.4,77,72380,-1
13:30:27,9.41,44,41404,1
13:30:24,9.41,13,12233,1
13:30:21,9.41,10,9410,1
13:30:15,9.41,10,9410,1
13:30:12,9.41,405,381105,-1
13:30:06,9.41,1,941,-1
13:30:03,9.42,7,6594,1
13:30:00,9.41,102,95982,-1
13:29:57,9.41,58,54578,-1
13:29:51,9.42,1,942,1
13:29:48,9.42,2,1884,1
13:29:36,9.42,11,10362,1
13:29:33,9.42,310,292905,-1
13:29:30,9.42,20,18840,-1
13:29:27,9.43,12,11316,1
13:29:24,9.43,287,270641,1
13:29:21,9.42,30,28260,-1
13:29:18,9.42,41,38622,-1
13:29:15,9.42,1,942,-1
13:29:12,9.42,74,69708,-1
13:29:06,9.42,30,28260,-1
13:29:03,9.43,10,9430,1
13:29:00,9.42,50,47100,-1
13:28:54,9.43,103,97129,1
13:28:51,9.42,55,51810,-1
13:28:45,9.43,10,9430,1
13:28:42,9.43,10,9430,1
13:28:39,9.43,107,100901,1
13:28:33,9.43,108,101844,1
13:28:30,9.43,58,54694,1
13:28:27,9.43,98,92414,1
13:28:24,9.42,129,121518,-1
13:28:21,9.43,91,85813,1
13:28:18,9.43,70,66010,1
13:28:15,9.42,19,17898,-1
13:28:12,9.43,3,2829,1
13:28:09,9.44,219,206736,1
13:28:06,9.43,10,9430,1
13:28:03,9.43,206,194258,-1
13:28:00,9.44,10,9440,1
13:27:57,9.44,3,2832,1
13:27:54,9.43,211,198973,-1
13:27:51,9.43,800,754400,-1
13:27:45,9.43,136,128248,1
13:27:42,9.43,82,77326,1
13:27:39,9.43,15,14145,1
13:27:36,9.42,49,46158,-1
13:27:33,9.43,4,3772,1
13:27:30,9.42,111,104562,-1
13:27:21,9.42,188,177152,1
13:27:18,9.42,137,129054,1
13:27:15,9.42,18,16956,1
13:27:12,9.42,18,16956,1
13:27:09,9.42,158,148836,1
13:27:06,9.42,5,4710,1
13:27:03,9.42,53,49926,1
13:27:00,9.42,121,113982,1
13:26:57,9.41,1,941,-1
13:26:48,9.41,236,222076,1
13:26:45,9.41,86,80926,1
13:26:36,9.4,211,198499,1
13:26:33,9.4,425,399500,1
13:26:30,9.4,349,328060,1
13:26:24,9.4,1,940,1
13:26:21,9.4,1600,1504000,1
13:26:18,9.39,3,2817,-1
13:26:15,9.4,1,940,1
13:26:09,9.39,10,9390,-1
13:26:06,9.39,5,4695,-1
13:26:03,9.4,3,2820,1
13:25:57,9.39,50,46950,0
13:25:54,9.39,33,30987,1
13:25:51,9.39,18,16902,-1
13:25:48,9.39,53,49767,-1
13:25:45,9.39,21,19719,-1
13:25:39,9.39,10,9390,-1
13:25:36,9.38,320,300160,-1
13:25:33,9.39,289,271371,1
13:25:30,9.39,306,287334,1
13:25:27,9.38,26,24388,-1
13:25:24,9.39,10,9390,1
13:25:21,9.39,10,9390,1
13:25:18,9.39,25,23475,1
13:25:12,9.38,42,39396,-1
13:25:09,9.39,168,157752,1
13:25:06,9.39,2,1878,1
13:25:03,9.38,12,11256,-1
13:25:00,9.38,30,28140,-1
13:24:57,9.38,28,26264,-1
13:24:51,9.39,1,939,1
13:24:48,9.38,3,2814,-1
13:24:45,9.39,10,9390,1
13:24:42,9.38,8,7504,-1
13:24:39,9.38,1,938,-1
13:24:33,9.39,20,18780,1
13:24:30,9.39,1,939,1
13:24:27,9.39,15,14085,1
13:24:24,9.39,10,9390,1
13:24:21,9.39,80,75889,-1
13:24:18,9.39,48,46001,-1
13:24:15,9.39,14,13146,-1
13:24:12,9.39,21,19719,-1
13:24:09,9.39,22,20658,-1
13:24:06,9.39,152,142728,-1
13:24:03,9.39,195,183105,-1
13:24:00,9.39,530,497670,-1
13:23:57,9.39,34,31926,-1
13:23:54,9.39,10,9390,-1
13:23:51,9.39,38,35682,-1
13:23:48,9.39,49,46011,-1
13:23:45,9.4,9,8460,1
13:23:33,9.39,1,939,-1
13:23:18,9.4,2,1880,1
13:23:15,9.4,16,15040,1
13:23:09,9.39,3,2817,-1
13:23:06,9.4,35,32900,1
13:23:03,9.39,33,30987,-1
13:23:00,9.39,32,30048,-1
13:22:54,9.4,20,18800,1
13:22:51,9.39,12,11268,-1
13:22:48,9.4,48,45120,1
13:22:45,9.4,20,18800,1
13:22:42,9.39,23,21597,-1
13:22:39,9.4,10,9400,1
13:22:36,9.4,210,197400,1
13:22:30,9.4,30,28200,1
13:22:24,9.4,78,73320,1
13:22:21,9.39,10,9390,-1
13:22:09,9.4,171,160740,1
13:22:06,9.4,302,283880,1
13:22:03,9.4,411,386340,-1
13:22:00,9.4,6,5640,-1
13:21:57,9.4,87,82710,-1
13:21:54,9.41,225,211725,1
13:21:51,9.4,10,9400,-1
13:21:48,9.4,10,9400,-1
13:21:45,9.4,607,570580,1
13:21:42,9.39,576,540864,-1
13:21:39,9.4,216,203040,1
13:21:27,9.39,20,18780,-1
13:21:24,9.39,22,20658,-1
13:21:21,9.39,164,154174,1
13:21:18,9.39,75,70425,1
13:21:09,9.39,10,9390,1
13:21:06,9.39,41,38499,1
13:21:03,9.38,29,27202,-1
13:21:00,9.39,235,221040,-1
13:20:57,9.39,34,31926,-1
13:20:54,9.39,99,92961,-1
13:20:51,9.39,220,206580,-1
13:20:45,9.39,129,121131,-1
13:20:39,9.39,106,99534,-1
13:20:36,9.39,232,217848,-1
13:20:30,9.4,61,57340,1
13:20:27,9.4,4,3760,1
13:20:24,9.4,11,10340,-1
13:20:21,9.4,169,158860,-1
13:20:18,9.4,10,9400,-1
13:20:09,9.4,8,7520,-1
13:20:06,9.4,369,346860,-1
13:20:03,9.41,8,7528,1
13:20:00,9.41,42,39522,1
13:19:57,9.4,53,49820,-1
13:19:54,9.41,39,36699,1
13:19:51,9.4,9,8460,-1
13:19:48,9.4,17,15980,-1
13:19:45,9.41,22,20702,1
13:19:42,9.4,35,32900,-1
13:19:39,9.4,82,77080,-1
13:19:36,9.4,10,9400,-1
13:19:33,9.4,10,9400,-1
13:19:30,9.4,20,18800,-1
13:19:27,9.4,10,9400,-1
13:19:24,9.41,24,22584,1
13:19:21,9.41,10,9410,1
13:19:18,9.4,5,4700,-1
13:19:15,9.4,20,18800,-1
13:19:12,9.41,8,7528,1
13:19:09,9.4,86,80840,-1
13:19:06,9.4,130,122200,-1
13:19:03,9.4,310,291400,-1
13:18:57,9.4,15,14100,-1
13:18:48,9.4,1,940,-1
13:18:45,9.41,107,100687,1
13:18:39,9.41,1,941,1
13:18:36,9.41,2,1882,1
13:18:33,9.41,13,12233,1
13:18:30,9.41,3,2823,1
13:18:27,9.41,38,35758,1
13:18:24,9.4,1,940,-1
13:18:21,9.41,15,14115,1
13:18:18,9.41,35,32935,1
13:18:15,9.4,2,1880,-1
13:18:12,9.41,22,20702,1
13:18:09,9.41,15,14115,1
13:18:03,9.41,1,941,1
13:18:00,9.4,20,18800,-1
13:17:54,9.4,18,16920,-1
13:17:51,9.41,37,34817,1
13:17:48,9.41,8,7528,1
13:17:45,9.41,14,13174,1
13:17:42,9.4,10,9400,-1
13:17:39,9.4,10,9400,-1
13:17:36,9.4,5,4700,-1
13:17:27,9.41,13,12233,1
13:17:24,9.4,50,47000,-1
13:17:21,9.41,34,31994,1
13:17:15,9.4,63,59220,-1
13:17:09,9.4,89,83660,-1
13:17:06,9.4,30,28200,-1
13:17:00,9.4,33,31020,1
13:16:57,9.4,101,94940,1
13:16:54,9.39,49,46011,-1
13:16:51,9.39,227,213153,-1
13:16:48,9.4,12,11844,1
13:16:45,9.4,11,10340,1
13:16:42,9.39,41,38499,-1
13:16:39,9.4,6,5640,1
13:16:36,9.4,87,82156,-1
13:16:33,9.41,5,4705,1
13:16:30,9.4,50,47000,-1
13:16:24,9.41,20,18820,1
13:16:18,9.4,580,545200,-1
13:16:15,9.41,165,156111,1
13:16:12,9.4,314,295160,-1
13:16:09,9.41,300,282300,1
13:16:03,9.4,123,115620,-1
13:16:00,9.4,45,42300,-1
13:15:57,9.4,339,318660,-1
13:15:51,9.4,21,19740,-1
13:15:48,9.4,63,59220,-1
13:15:45,9.41,1,941,1
13:15:42,9.4,66,62040,-1
13:15:39,9.41,106,99840,-1
13:15:36,9.41,103,96923,-1
13:15:30,9.41,40,37640,-1
13:15:27,9.42,122,114924,1
13:15:24,9.41,18,16938,-1
13:15:21,9.41,85,79985,-1
13:15:18,9.41,20,18820,-1
13:15:15,9.41,10,9410,-1
13:15:12,9.42,54,50868,1
13:15:09,9.41,20,18820,-1
13:15:06,9.42,37,34854,1
13:14:57,9.42,110,103620,1
13:14:54,9.41,29,27289,-1
13:14:51,9.41,51,47991,-1
13:14:48,9.41,71,66811,-1
13:14:45,9.41,4,3764,-1
13:14:42,9.41,10,9410,-1
13:14:33,9.41,6,5646,-1
13:14:30,9.42,3,2826,1
13:14:27,9.42,10,9420,1
13:14:24,9.41,3,2823,-1
13:14:21,9.42,25,23550,1
13:14:18,9.42,8,7536,1
13:14:12,9.42,5,4710,1
13:14:03,9.42,1,942,1
13:14:00,9.42,18,16956,-1
13:13:57,9.42,58,54636,-1
13:13:54,9.43,50,47150,1
13:13:51,9.42,9,8478,-1
13:13:48,9.42,10,9420,-1
13:13:45,9.42,21,19782,-1
13:13:42,9.42,5,4710,-1
13:13:36,9.43,84,79212,1
13:13:33,9.42,12,11304,-1
13:13:27,9.42,10,9420,-1
13:13:24,9.42,5,4710,-1
13:13:21,9.43,555,523365,1
13:13:18,9.42,20,18840,-1
13:13:09,9.42,20,18840,-1
13:13:06,9.42,1,942,-1
13:13:03,9.42,152,143184,-1
13:13:00,9.42,39,36738,-1
13:12:57,9.42,115,108330,-1
13:12:54,9.42,30,29136,1
13:12:51,9.41,150,141150,-1
13:12:48,9.42,112,105504,1
13:12:45,9.41,36,33876,-1
13:12:42,9.42,6,5652,1
13:12:39,9.41,43,40463,-1
13:12:36,9.42,34,32028,1
13:12:33,9.42,138,129996,1
13:12:30,9.42,121,113982,1
13:12:27,9.42,2,1884,1
13:12:24,9.42,14,13188,1
13:12:21,9.42,84,79128,1
13:12:18,9.42,136,128112,-1
13:12:15,9.42,25,23550,-1
13:12:12,9.43,123,115989,1
13:12:09,9.42,1,942,-1
13:12:06,9.42,3,2826,-1
13:12:00,9.43,35,33005,1
13:11:57,9.42,1,942,-1
13:11:51,9.43,4,3772,1
13:11:48,9.43,253,238579,1
13:11:45,9.43,297,280071,-1
13:11:33,9.44,39,36816,1
13:11:30,9.44,290,273760,1
13:11:24,9.44,83,78352,1
13:11:21,9.43,27,25461,1
13:11:18,9.43,28,26404,-1
13:11:15,9.43,10,9430,-1
13:11:12,9.43,60,56580,-1
13:11:09,9.44,10,9440,1
13:11:06,9.43,30,28290,-1
13:11:00,9.43,151,142393,-1
13:10:57,9.43,24,22632,-1
13:10:54,9.43,68,64124,1
13:10:48,9.43,55,51865,1
13:10:45,9.43,30,28290,1
13:10:42,9.43,211,198973,1
13:10:39,9.42,36,33912,-1
13:10:36,9.43,120,113160,1
13:10:33,9.42,60,56520,-1
13:10:30,9.42,122,114924,-1
13:10:27,9.42,130,122460,-1
13:10:24,9.43,59,55637,1
13:10:21,9.42,8,7536,-1
13:10:18,9.43,3,2829,1
13:10:12,9.42,72,67824,1
13:10:09,9.41,20,18820,-1
13:10:06,9.42,186,175212,-1
13:10:03,9.43,73,68839,1
13:09:57,9.42,12,11304,-1
13:09:54,9.42,35,32970,-1
13:09:51,9.42,27,25434,-1
13:09:48,9.43,69,65067,1
13:09:45,9.42,11,10362,-1
13:09:42,9.42,20,18840,-1
13:09:36,9.42,68,64056,-1
13:09:33,9.43,63,59409,1
13:09:30,9.43,16,15088,1
13:09:27,9.43,99,93357,-1
13:09:24,9.43,90,84870,-1
13:09:21,9.43,12,11316,-1
13:09:18,9.43,32,30176,-1
13:09:15,9.43,549,517707,-1
13:09:12,9.43,135,127305,-1
13:09:09,9.43,131,123533,-1
13:09:06,9.43,45,42435,-1
13:09:03,9.43,3,2829,-1
13:08:57,9.43,220,207460,-1
13:08:54,9.43,6,5658,-1
13:08:51,9.43,5,4715,-1
13:08:48,9.43,500,471500,-1
13:08:42,9.43,19,17917,-1
13:08:39,9.44,7,6608,1
13:08:36,9.44,298,281312,-1
13:08:33,9.44,32,30208,-1
13:08:30,9.44,376,354944,1
13:08:24,9.44,15,14160,1
13:08:21,9.44,499,471056,-1
13:08:18,9.44,98,92512,-1
13:08:15,9.44,56,52864,-1
13:08:12,9.45,549,518804,1
13:08:09,9.44,138,130272,-1
13:08:06,9.44,199,187856,-1
13:08:03,9.45,104,98279,1
13:08:00,9.44,579,546576,-1
13:07:54,9.45,10,9450,1
13:07:51,9.45,1,944,1
13:07:48,9.44,877,828105,-1
13:07:45,9.45,62,58589,-1
13:07:42,9.45,51,48195,-1
13:07:39,9.46,58,54868,1
13:07:36,9.45,11,10395,-1
13:07:33,9.46,69,65274,1
13:07:30,9.45,149,140805,-1
13:07:27,9.46,2,1892,1
13:07:24,9.46,40,37840,1
13:07:21,9.46,36,34056,1
13:07:18,9.45,150,141750,-1
13:07:15,9.46,5,4730,-1
13:07:12,9.47,25,23675,1
13:07:09,9.46,11,10406,-1
13:07:06,9.46,165,156090,1
13:07:03,9.46,74,70732,-1
13:07:00,9.46,15,14190,-1
13:06:57,9.46,123,116358,-1
13:06:54,9.47,330,312510,1
13:06:51,9.46,132,124872,-1
13:06:48,9.46,526,497596,-1
13:06:45,9.46,94,88924,-1
13:06:42,9.47,181,171407,1
13:06:39,9.46,108,102168,-1
13:06:36,9.46,40,37840,-1
13:06:33,9.47,10,9470,1
13:06:30,9.46,71,67166,-1
13:06:27,9.47,16,15152,1
13:06:24,9.47,519,491493,1
13:06:21,9.46,83,78518,-1
13:06:18,9.46,4,3784,-1
13:06:15,9.47,10,9470,1
13:06:12,9.46,26,24596,-1
13:06:09,9.47,10,9470,1
13:06:06,9.47,100,94700,1
13:06:03,9.46,218,206228,-1
13:06:00,9.47,92,87124,1
13:05:57,9.47,114,107958,1
13:05:54,9.47,294,278418,1
13:05:51,9.47,168,159096,1
13:05:48,9.47,298,282206,-1
13:05:45,9.48,19,18012,1
13:05:42,9.47,185,175195,1
13:05:39,9.47,80,75760,0
13:05:36,9.48,1030,976440,1
13:05:33,9.47,2,1894,-1
13:05:30,9.47,8,7576,-1
13:05:27,9.48,108,102384,1
13:05:24,9.47,216,204552,0
13:05:21,9.48,2022,1916856,1
13:05:15,9.46,59,55814,-1
13:05:12,9.46,394,372846,1
13:05:09,9.45,128,120959,-1
13:05:06,9.46,29,27434,1
13:05:03,9.46,30,28985,1
13:04:57,9.45,94,88830,-1
13:04:54,9.46,104,98384,1
13:04:51,9.46,70,66220,1
13:04:45,9.45,67,63314,-1
13:04:42,9.45,86,81270,-1
13:04:39,9.45,97,91882,-1
13:04:36,9.45,14,13229,-1
13:04:33,9.46,100,94600,1
13:04:30,9.45,36,34020,-1
13:04:27,9.45,124,117179,-1
13:04:24,9.45,187,176715,-1
13:04:21,9.45,149,140805,-1
13:04:15,9.45,10,9450,-1
13:04:12,9.46,58,54868,1
13:04:09,9.45,107,101114,-1
13:04:06,9.45,29,27404,-1
13:04:03,9.46,17,16082,1
13:03:54,9.45,26,24569,-1
13:03:51,9.45,102,96390,-1
13:03:48,9.46,239,226094,1
13:03:45,9.46,17,16082,1
13:03:42,9.46,89,84194,1
13:03:39,9.45,21,19845,-1
13:03:36,9.45,178,168210,-1
13:03:33,9.45,24,22680,-1
13:03:30,9.45,109,103004,-1
13:03:27,9.46,18,17028,1
13:03:21,9.45,901,851444,-1
13:03:18,9.46,205,193930,-1
13:03:15,9.47,300,284100,1
13:03:12,9.46,215,203390,-1
13:03:09,9.46,110,104060,-1
13:03:06,9.46,15,14190,-1
13:03:03,9.46,42,39732,-1
13:03:00,9.46,64,60544,-1
13:02:57,9.46,34,32164,-1
13:02:51,9.46,17,16082,-1
13:02:48,9.46,26,24596,-1
13:02:45,9.46,56,52976,-1
13:02:42,9.47,50,47350,1
13:02:39,9.46,222,210012,-1
13:02:36,9.47,30,28410,1
13:02:33,9.47,15,14205,1
13:02:30,9.48,243,230364,1
13:02:27,9.47,64,60608,1
13:02:24,9.47,52,49244,-1
13:02:21,9.47,433,410051,-1
13:02:18,9.48,920,872160,1
13:02:15,9.48,418,396264,1
13:02:12,9.48,51,48348,1
13:02:09,9.47,51,48297,-1
13:02:06,9.48,313,296724,-1
13:02:03,9.48,223,211404,1
13:02:00,9.48,450,426600,1
13:01:57,9.49,295,279955,1
13:01:54,9.48,117,110916,1
13:01:51,9.47,46,43562,-1
13:01:48,9.48,256,242688,-1
13:01:45,9.48,208,197184,-1
13:01:42,9.47,123,116481,-1
13:01:39,9.47,122,115534,-1
13:01:36,9.48,158,149784,1
13:01:33,9.49,584,554216,1
13:01:30,9.47,118,111746,-1
13:01:27,9.48,793,751764,1
13:01:24,9.48,71,67308,1
13:01:21,9.48,100,94800,1
13:01:18,9.48,73,69204,1
13:01:15,9.46,193,182578,-1
13:01:12,9.48,191,181068,1
13:01:09,9.48,110,104280,1
13:01:06,9.48,312,295776,1
13:01:03,9.46,111,105006,1
13:01:00,9.46,241,227986,-1
13:00:57,9.49,2213,2100137,1
13:00:54,9.47,255,241485,1
13:00:51,9.47,469,444143,1
13:00:48,9.47,140,132580,0
13:00:45,9.49,1481,1405469,1
13:00:42,9.48,379,359292,0
13:00:39,9.47,252,238644,0
13:00:36,9.48,600,568800,1
13:00:33,9.47,834,789798,0
13:00:30,9.45,905,855224,-1
13:00:27,9.45,313,295785,1
13:00:24,9.45,698,659610,1
13:00:21,9.45,355,335475,1
13:00:18,9.45,521,492344,-1
13:00:15,9.45,13,12284,-1
13:00:12,9.46,302,285692,0
13:00:09,9.45,922,871289,-1
13:00:06,9.49,11566,10976134,1
13:00:03,9.44,1312,1238528,1
11:30:03,9.43,496,467728,1
11:30:00,9.43,341,321563,-1
11:29:57,9.43,17,16031,0
11:29:54,9.42,1356,1277352,-1
11:29:51,9.43,325,306475,1
11:29:48,9.43,290,273470,1
11:29:45,9.42,169,159198,-1
11:29:42,9.43,170,160310,1
11:29:39,9.43,729,687447,1
11:29:36,9.42,261,245862,1
11:29:33,9.41,690,649290,-1
11:29:30,9.41,60,56460,-1
11:29:27,9.41,1315,1238327,1
11:29:24,9.41,446,419686,1
11:29:21,9.4,500,470000,-1
11:29:18,9.41,332,312412,1
11:29:15,9.41,109,102569,1
11:29:12,9.4,113,106220,-1
11:29:09,9.4,41,38540,-1
11:29:06,9.4,113,106878,1
11:29:03,9.4,117,109980,1
11:29:00,9.39,45,42255,-1
11:28:57,9.39,90,84510,-1
11:28:54,9.39,1069,1003791,-1
11:28:51,9.39,31,29109,-1
11:28:48,9.39,75,70425,-1
11:28:45,9.39,14,13146,-1
11:28:42,9.39,107,100473,1
11:28:39,9.39,81,76059,1
11:28:36,9.39,89,83571,1
11:28:33,9.39,181,169959,1
11:28:30,9.39,460,431940,1
11:28:27,9.39,48,45072,1
11:28:24,9.39,1473,1383147,1
11:28:21,9.39,88,82632,1
11:28:18,9.39,13,12207,1
11:28:15,9.39,299,280807,-1
11:28:12,9.4,166,156040,1
11:28:09,9.39,296,277944,-1
11:28:06,9.4,870,817800,1
11:28:03,9.4,334,313960,1
11:28:00,9.4,126,118440,1
11:27:57,9.39,63,59157,-1
11:27:54,9.4,1988,1869613,1
11:27:51,9.38,608,570304,1
11:27:48,9.38,26,24388,1
11:27:45,9.38,98,91924,1
11:27:42,9.38,567,531846,1
11:27:39,9.37,257,240808,1
11:27:36,9.37,546,511601,1
11:27:33,9.36,50,46800,1
11:27:30,9.36,684,640224,1
11:27:21,9.36,553,517607,1
11:27:18,9.35,25,23375,-1
11:27:12,9.35,33,30855,-1
11:27:09,9.35,26,24310,1
11:27:06,9.34,312,291408,-1
11:27:03,9.35,350,327250,1
11:26:57,9.34,12,11208,-1
11:26:45,9.34,33,30822,-1
11:26:42,9.34,1,934,-1
11:26:39,9.35,1,935,1
11:26:36,9.34,50,46700,-1
11:26:33,9.34,20,18680,-1
11:26:30,9.34,60,56040,1
11:26:24,9.34,56,52304,1
11:26:21,9.34,40,37360,1
11:26:18,9.34,30,28020,1
11:26:15,9.34,107,99938,-1
11:26:12,9.35,93,86955,1
11:26:09,9.35,22,20570,1
11:26:06,9.35,1,935,1
11:26:03,9.35,127,118745,1
11:26:00,9.34,75,70050,-1
11:25:57,9.35,59,55165,1
11:25:54,9.34,102,95268,-1
11:25:51,9.34,10,9340,-1
11:25:45,9.34,71,66314,-1
11:25:42,9.35,60,56100,1
11:25:39,9.34,42,39228,-1
11:25:36,9.34,201,187734,-1
11:25:33,9.34,180,168120,-1
11:25:30,9.35,14,13090,1
11:25:27,9.35,88,82280,1
11:25:24,9.35,1,935,1
11:25:21,9.34,178,166252,-1
11:25:15,9.35,23,21505,0
11:25:09,9.36,31,29016,1
11:25:06,9.35,22,20570,1
11:25:00,9.34,600,560400,-1
11:24:57,9.36,51,47736,1
11:24:51,9.35,15,14025,-1
11:24:48,9.36,10,9360,1
11:24:45,9.36,64,59904,1
11:24:42,9.36,61,57096,1
11:24:39,9.36,93,87048,-1
11:24:33,9.36,5,4680,-1
11:24:30,9.36,30,28080,-1
11:24:27,9.36,373,349128,1
11:24:24,9.35,471,440385,-1
11:24:21,9.35,56,52360,-1
11:24:18,9.36,8,7488,1
11:24:15,9.36,1,936,1
11:24:12,9.35,19,17765,-1
11:24:09,9.35,14,13090,-1
11:24:06,9.35,6,5610,-1
11:24:03,9.35,17,15895,-1
11:23:57,9.36,31,29016,1
11:23:51,9.36,8,7488,1
11:23:45,9.36,5,4680,1
11:23:42,9.36,1,936,1
11:23:39,9.36,466,436176,1
11:23:36,9.35,18,16830,-1
11:23:33,9.35,30,28050,-1
11:23:30,9.36,14,13104,1
11:23:27,9.36,31,29016,1
11:23:24,9.35,4,3740,0
11:23:18,9.36,333,311688,1
11:23:12,9.35,11,10285,1
11:23:09,9.35,1,935,1
11:23:00,9.35,1,935,1
11:22:57,9.34,5,4670,-1
11:22:54,9.36,132,123551,1
11:22:51,9.34,82,76588,1
11:22:48,9.34,1,934,1
11:22:45,9.34,45,42030,-1
11:22:42,9.34,16,14944,-1
11:22:39,9.36,525,491399,1
11:22:36,9.34,21,19614,-1
11:22:33,9.34,72,67248,-1
11:22:30,9.34,158,147572,-1
11:22:27,9.34,30,28020,-1
11:22:24,9.35,233,217855,1
11:22:21,9.35,12,11220,1
11:22:18,9.35,1,935,1
11:22:15,9.34,11,10274,-1
11:22:12,9.35,30,28050,1
11:22:06,9.34,52,48568,-1
11:22:03,9.35,24,22440,1
11:22:00,9.34,23,21482,-1
11:21:57,9.34,15,14010,-1
11:21:54,9.35,2,1870,1
11:21:51,9.35,2,1870,1
11:21:48,9.35,33,30855,1
11:21:45,9.35,46,43010,1
11:21:42,9.34,32,29888,-1
11:21:36,9.34,102,95268,1
11:21:33,9.34,266,248444,1
11:21:30,9.34,1,934,1
11:21:24,9.34,50,46700,1
11:21:18,9.34,50,46700,-1
11:21:15,9.35,368,344080,1
11:21:12,9.35,3,2805,1
11:21:09,9.34,237,221358,-1
11:21:06,9.34,34,31756,-1
11:21:03,9.34,140,130760,-1
11:20:57,9.34,19,17746,-1
11:20:54,9.35,49,45815,1
11:20:51,9.35,28,26180,-1
11:20:48,9.35,72,67320,1
11:20:42,9.35,1,935,1
11:20:39,9.34,46,42964,-1
11:20:36,9.35,35,32725,-1
11:20:30,9.35,321,300135,1
11:20:27,9.34,4,3736,-1
11:20:24,9.35,9,8415,1
11:20:18,9.35,178,166430,-1
11:20:15,9.35,48,44880,-1
11:20:12,9.36,6,5616,1
11:20:09,9.36,11,10296,1
11:20:06,9.35,98,91630,-1
11:20:03,9.36,235,219960,1
11:20:00,9.36,40,37440,1
11:19:57,9.36,249,233064,-1
11:19:54,9.36,75,70200,-1
11:19:51,9.36,80,74880,-1
11:19:48,9.36,38,35568,-1
11:19:42,9.37,7,6558,1
11:19:39,9.37,67,62778,1
11:19:36,9.36,20,18720,-1
11:19:33,9.37,25,23424,1
11:19:24,9.37,55,51534,1
11:19:21,9.37,12,11243,1
11:19:18,9.36,10,9360,-1
11:19:15,9.38,211,197918,1
11:19:12,9.37,153,143361,1
11:19:06,9.37,79,74023,-1
11:19:03,9.37,75,70275,-1
11:19:00,9.37,50,46849,-1
11:18:57,9.37,301,282037,-1
11:18:54,9.38,169,158522,1
11:18:51,9.38,401,376138,1
11:18:45,9.37,123,115250,-1
11:18:39,9.37,20,18740,-1
11:18:36,9.37,28,26235,1
11:18:33,9.36,338,316368,-1
11:18:30,9.37,40,37480,1
11:18:27,9.37,151,141487,1
11:18:24,9.37,13,12180,1
11:18:21,9.37,6,5621,1
11:18:18,9.37,85,79645,1
11:18:15,9.36,4,3744,-1
11:18:12,9.37,25,23424,1
11:18:09,9.36,83,77688,-1
11:18:06,9.36,22,20592,1
11:18:03,9.36,10,9360,0
11:18:00,9.36,4,3744,1
11:17:57,9.35,100,93500,-1
11:17:54,9.36,389,364104,-1
11:17:51,9.37,37,34669,-1
11:17:48,9.37,256,239871,-1
11:17:45,9.37,597,559389,1
11:17:42,9.35,106,99110,-1
11:17:39,9.36,84,78624,-1
11:17:36,9.36,29,27153,1
11:17:30,9.36,55,51480,1
11:17:27,9.34,191,178394,-1
11:17:24,9.36,130,121679,1
11:17:18,9.34,143,133562,-1
11:17:15,9.35,60,56100,-1
11:17:12,9.36,78,73008,1
11:17:09,9.36,270,252719,1
11:17:06,9.35,30,28050,-1
11:17:03,9.36,19,17784,1
11:17:00,9.36,40,37440,1
11:16:57,9.36,3,2808,1
11:16:54,9.36,66,61775,1
11:16:51,9.36,349,327590,-1
11:16:48,9.36,111,103896,-1
11:16:45,9.37,50,46849,1
11:16:42,9.37,12,11243,1
11:16:39,9.37,150,140550,1
11:16:36,9.37,50,46849,1
11:16:33,9.37,53,49660,-1
11:16:30,9.37,274,256737,-1
11:16:27,9.38,483,453054,1
11:16:24,9.38,466,437108,1
11:16:21,9.38,69,64722,1
11:16:18,9.37,155,145235,0
11:16:15,9.37,4,3747,-1
11:16:12,9.37,236,221131,-1
11:16:09,9.37,5,4685,-1
11:16:06,9.37,27,25298,1
11:16:03,9.37,142,133054,1
11:16:00,9.36,13,12168,-1
11:15:57,9.38,500,469000,1
11:15:51,9.36,209,195633,-1
11:15:48,9.37,70,65590,-1
11:15:45,9.37,20,18740,-1
11:15:42,9.37,5,4685,-1
11:15:39,9.37,103,96510,-1
11:15:36,9.37,118,110565,-1
11:15:33,9.38,229,214802,1
11:15:30,9.38,324,303912,1
11:15:27,9.38,58,54404,1
11:15:24,9.38,265,248570,1
11:15:21,9.38,570,534660,-1
11:15:18,9.38,17,15946,-1
11:15:15,9.38,5,4690,-1
11:15:12,9.38,116,108808,-1
11:15:09,9.37,231,216446,-1
11:15:06,9.38,430,403386,-1
11:15:03,9.39,110,103290,-1
11:15:00,9.38,168,157584,-1
11:14:57,9.39,3004,2820756,1
11:14:54,9.39,56,52584,1
11:14:51,9.39,17,15963,1
11:14:48,9.39,351,329589,-1
11:14:45,9.39,672,631008,-1
11:14:42,9.4,141,132540,1
11:14:39,9.39,20,18780,-1
11:14:36,9.39,1052,987828,1
11:14:33,9.39,52,48828,-1
11:14:30,9.4,1038,975720,1
11:14:27,9.38,436,408968,-1
11:14:24,9.39,42,39438,1
11:14:21,9.38,235,220430,-1
11:14:18,9.39,447,420625,1
11:14:15,9.38,278,260764,-1
11:14:12,9.38,385,361130,-1
11:14:09,9.38,1540,1444520,-1
11:14:06,9.38,133,124754,-1
11:14:03,9.39,25,23475,1
11:14:00,9.38,270,253260,-1
11:13:57,9.39,526,493914,1
11:13:54,9.38,82,76916,-1
11:13:51,9.38,50,46900,-1
11:13:48,9.38,345,323610,-1
11:13:45,9.39,152,142728,1
11:13:42,9.39,438,411282,1
11:13:39,9.39,59,55401,1
11:13:36,9.39,1878,1763442,1
11:13:33,9.39,145,136155,1
11:13:30,9.39,73,68547,1
11:13:27,9.38,104,97552,-1
11:13:24,9.38,79,74102,-1
11:13:21,9.39,425,399075,1
11:13:18,9.38,83,77854,0
11:13:15,9.39,599,562461,1
11:13:12,9.38,626,587188,1
11:13:09,9.38,58,54404,1
11:13:06,9.38,222,208236,1
11:13:03,9.38,167,156646,1
11:13:00,9.38,545,511210,-1
11:12:57,9.38,215,201670,-1
11:12:54,9.38,56,52528,-1
11:12:51,9.39,471,442269,1
11:12:48,9.39,229,215031,1
11:12:45,9.39,77,72303,1
11:12:42,9.39,115,107985,1
11:12:39,9.39,10,9390,1
11:12:36,9.39,641,601899,-1
11:12:33,9.39,203,190617,1
11:12:30,9.39,44,41316,1
11:12:27,9.39,296,277944,1
11:12:24,9.38,132,123816,-1
11:12:21,9.39,175,164325,-1
11:12:18,9.4,1123,1055620,1
11:12:15,9.39,1153,1082667,1
11:12:12,9.39,323,303297,0
11:12:09,9.4,2253,2117820,1
11:12:06,9.39,77,72303,1
11:12:03,9.39,150,140850,1
11:12:00,9.4,716,673040,1
11:11:57,9.4,1276,1199440,1
11:11:54,9.38,233,218600,-1
11:11:51,9.39,550,516450,-1
11:11:48,9.39,1094,1028158,1
11:11:45,9.39,135,126765,1
11:11:42,9.37,990,928557,-1
11:11:39,9.38,335,314230,1
11:11:36,9.37,148,138676,-1
11:11:33,9.37,393,368240,-1
11:11:30,9.37,374,350437,0
11:11:27,9.37,654,612798,1
11:11:24,9.37,228,213635,1
11:11:21,9.37,185,173345,1
11:11:18,9.37,267,250178,-1
11:11:15,9.38,52,48776,1
11:11:12,9.37,428,401035,1
11:11:09,9.36,20,18720,-1
11:11:06,9.36,974,911664,-1
11:11:03,9.36,467,437112,1
11:11:00,9.36,1414,1323513,1
11:10:57,9.35,258,241230,-1
11:10:54,9.36,700,655200,1
11:10:51,9.35,581,543235,-1
11:10:48,9.35,799,747990,1
11:10:45,9.34,140,130760,-1
11:10:42,9.34,1124,1049816,-1
11:10:39,9.34,71,66314,-1
11:10:36,9.34,111,103674,-1
11:10:33,9.34,36,33624,-1
11:10:30,9.35,247,230945,1
11:10:27,9.33,998,931134,-1
11:10:24,9.33,91,84903,-1
11:10:21,9.33,2690,2509770,1
11:10:18,9.33,7,6531,1
11:10:15,9.33,414,386262,-1
11:10:12,9.33,273,254709,1
11:10:09,9.33,225,209925,0
11:10:06,9.32,705,657060,-1
11:10:03,9.33,316,294828,1
11:10:00,9.33,241,224853,-1
11:09:57,9.33,719,670827,-1
11:09:54,9.33,86,80238,-1
11:09:51,9.33,70,65310,-1
11:09:48,9.33,595,555135,1
11:09:45,9.33,331,308823,1
11:09:42,9.33,245,228585,1
11:09:39,9.33,149,139017,1
11:09:36,9.33,32,29856,1
11:09:33,9.33,670,625110,1
11:09:30,9.33,59,55047,1
11:09:27,9.32,1975,1841343,1
11:09:21,9.3,534,496926,1
11:09:18,9.29,31,28798,-1
11:09:15,9.3,106,98580,1
11:09:12,9.28,7,6496,-1
11:09:09,9.29,36,33444,1
11:09:06,9.29,110,102189,1
11:09:03,9.29,5,4645,1
11:09:00,9.29,6,5573,1
11:08:57,9.28,20,18560,-1
11:08:54,9.28,226,209728,-1
11:08:51,9.29,215,199734,-1
11:08:48,9.29,59,54810,-1
11:08:45,9.3,170,158100,1
11:08:42,9.29,23,21366,-1
11:08:39,9.29,38,35302,-1
11:08:36,9.29,15,13934,-1
11:08:33,9.3,246,228780,1
11:08:30,9.28,43,39904,-1
11:08:27,9.28,13,12064,-1
11:08:24,9.28,108,100224,-1
11:08:21,9.28,10,9280,-1
11:08:18,9.28,113,104864,1
11:08:15,9.28,90,83520,1
11:08:12,9.28,27,25056,1
11:08:09,9.28,5,4640,1
11:08:06,9.28,5,4640,1
11:08:03,9.28,376,348928,-1
11:08:00,9.29,21,19509,-1
11:07:57,9.3,14,13020,1
11:07:54,9.3,193,179490,1
11:07:51,9.3,34,31620,1
11:07:48,9.3,51,47430,1
11:07:45,9.31,112,104272,1
11:07:42,9.3,386,358980,-1
11:07:39,9.3,475,441750,-1
11:07:36,9.3,46,42780,-1
11:07:33,9.3,500,465000,-1
11:07:30,9.3,22,20460,-1
11:07:27,9.3,548,509640,-1
11:07:21,9.31,51,47481,1
11:07:15,9.31,82,76342,1
11:07:12,9.31,62,57722,-1
11:07:09,9.31,837,779247,0
11:07:06,9.3,127,118110,-1
11:07:03,9.31,17,15827,-1
11:07:00,9.31,42,39102,-1
11:06:57,9.31,90,83790,-1
11:06:54,9.31,48,44688,1
11:06:51,9.3,436,405480,-1
11:06:48,9.3,636,591480,1
11:06:45,9.29,5,4645,-1
11:06:42,9.3,238,221340,1
11:06:39,9.29,25,23224,-1
11:06:36,9.29,2294,2131711,1
11:06:33,9.27,4,3708,-1
11:06:30,9.28,30,27839,1
11:06:27,9.28,54,50112,1
11:06:24,9.28,32,29695,1
11:06:21,9.28,63,58463,-1
11:06:18,9.28,192,178176,-1
11:06:15,9.28,8,7423,-1
11:06:12,9.28,40,37120,-1
11:06:09,9.29,54,50165,1
11:06:06,9.28,66,61247,-1
11:06:03,9.28,46,42688,-1
11:06:00,9.28,15,13919,-1
11:05:51,9.29,1,928,1
11:05:48,9.28,95,88160,-1
11:05:45,9.29,486,451837,-1
11:05:42,9.3,34,31620,1
11:05:39,9.29,170,157930,-1
11:05:36,9.29,114,105905,-1
11:05:33,9.3,6,5580,1
11:05:30,9.3,67,62310,1
11:05:27,9.3,14,13020,-1
11:05:24,9.3,217,201810,-1
11:05:21,9.3,340,316888,-1
11:05:18,9.3,172,159960,-1
11:05:15,9.3,162,150660,-1
11:05:12,9.3,224,208320,-1
11:05:09,9.3,78,72540,-1
11:05:06,9.3,107,99510,-1
11:05:03,9.31,68,63308,1
11:05:00,9.31,20,18620,1
11:04:57,9.31,35,32585,1
11:04:54,9.31,56,52136,1
11:04:51,9.31,109,101479,1
11:04:48,9.31,142,132202,-1
11:04:45,9.31,45,41895,-1
11:04:42,9.31,175,162925,-1
11:04:39,9.31,69,64239,-1
11:04:36,9.32,147,137004,1
11:04:33,9.31,91,84721,-1
11:04:30,9.32,29,27028,1
11:04:27,9.31,100,93100,-1
11:04:24,9.32,33,30756,-1
11:04:21,9.32,225,209700,1
11:04:18,9.32,25,23300,1
11:04:15,9.32,128,119296,1
11:04:12,9.31,65,60515,0
11:04:09,9.3,233,216690,-1
11:04:06,9.3,255,237150,-1
11:04:03,9.31,506,471086,1
11:04:00,9.31,220,204820,1
11:03:57,9.3,360,334800,-1
11:03:54,9.31,309,287679,1
11:03:51,9.31,198,184338,-1
11:03:48,9.31,54,50274,-1
11:03:45,9.32,41,38212,1
11:03:42,9.32,1168,1088576,0
11:03:39,9.33,1437,1340721,1
11:03:36,9.32,841,783812,1
11:03:33,9.32,508,473456,1
11:03:30,9.32,83,77356,1
11:03:27,9.31,279,259749,-1
11:03:24,9.31,124,115444,-1
11:03:21,9.31,64,59584,-1
11:03:18,9.31,23,21413,-1
11:03:15,9.31,391,364849,0
11:03:12,9.3,351,326430,-1
11:03:09,9.31,52,48412,1
11:03:06,9.3,20,18600,-1
11:03:03,9.3,442,411060,-1
11:03:00,9.3,511,475230,1
11:02:57,9.3,303,281790,1
11:02:54,9.3,19,17670,1
11:02:51,9.3,146,135780,0
11:02:48,9.32,612,570384,1
11:02:45,9.3,202,187860,1
11:02:42,9.3,144,133920,-1
11:02:39,9.32,540,503382,-1
11:02:36,9.33,196,182868,1
11:02:33,9.33,310,289230,-1
11:02:30,9.34,526,491284,1
11:02:27,9.34,60,56040,1
11:02:24,9.34,34,31756,1
11:02:21,9.34,192,179328,0
11:02:18,9.35,779,728365,1
11:02:15,9.34,962,898508,-1
11:02:12,9.35,803,750805,1
11:02:09,9.35,435,406725,1
11:02:06,9.34,921,860214,-1
11:02:03,9.35,271,253385,-1
11:02:00,9.36,160,149760,1
11:01:57,9.34,215,200810,-1
11:01:54,9.36,46,43056,1
11:01:51,9.35,2617,2446895,1
11:01:48,9.33,218,203394,-1
11:01:45,9.34,280,261520,1
11:01:42,9.33,766,714678,1
11:01:39,9.33,656,612048,1
11:01:36,9.32,92,85744,-1
11:01:33,9.33,310,289230,1
11:01:27,9.32,253,236625,1
11:01:24,9.32,164,152848,1
11:01:21,9.3,122,113460,-1
11:01:18,9.3,308,286440,-1
11:01:15,9.31,1849,1722135,1
11:01:12,9.29,130,120769,-1
11:01:09,9.29,25,23224,-1
11:01:06,9.3,248,230640,1
11:01:03,9.28,53,49184,-1
11:01:00,9.29,676,628004,1
11:00:57,9.28,570,528960,1
11:00:54,9.28,188,174464,1
11:00:51,9.27,49,45423,-1
11:00:48,9.27,49,45423,-1
11:00:45,9.27,58,53766,-1
11:00:42,9.27,240,222480,1
11:00:39,9.27,43,39861,1
11:00:36,9.27,165,152955,1
11:00:33,9.26,74,68524,-1
11:00:30,9.27,19,17613,1
11:00:27,9.26,50,46300,-1
11:00:24,9.26,134,124084,1
11:00:21,9.26,2,1852,1
11:00:18,9.25,100,92500,-1
11:00:15,9.26,37,34262,1
11:00:12,9.25,271,250675,1
11:00:09,9.25,35,32375,1
11:00:06,9.25,100,92500,1
11:00:03,9.24,40,36960,-1
11:00:00,9.25,20,18500,1
10:59:57,9.24,20,18480,-1
10:59:51,9.25,20,18500,1
10:59:48,9.25,38,35150,1
10:59:45,9.25,78,72150,-1
10:59:42,9.26,204,188904,1
10:59:39,9.25,154,142450,-1
10:59:36,9.26,83,76858,1
10:59:30,9.26,342,316692,1
10:59:27,9.25,15,13875,-1
10:59:24,9.25,23,21275,-1
10:59:21,9.26,1,926,1
10:59:18,9.26,27,25002,1
10:59:15,9.26,5,4630,1
10:59:12,9.26,119,110194,1
10:59:09,9.26,215,199090,-1
10:59:03,9.26,55,50930,-1
10:59:00,9.26,50,46300,-1
10:58:57,9.26,145,134270,1
10:58:54,9.25,452,418100,-1
10:58:51,9.25,3,2775,-1
10:58:48,9.26,230,212980,1
10:58:45,9.25,45,41625,-1
10:58:42,9.26,57,52782,1
10:58:39,9.26,43,39818,1
10:58:36,9.25,155,143375,-1
10:58:33,9.25,282,260850,-1
10:58:30,9.25,38,35150,-1
10:58:27,9.25,208,192400,-1
10:58:24,9.26,159,147234,1
10:58:21,9.25,49,45325,-1
10:58:18,9.25,145,134125,-1
10:58:15,9.25,384,355200,-1
10:58:12,9.26,218,201868,1
10:58:09,9.25,194,179450,-1
10:58:06,9.25,66,61050,-1
10:58:03,9.25,200,185000,-1
10:58:00,9.26,51,47226,1
10:57:57,9.25,51,47175,-1
10:57:54,9.26,110,101860,1
10:57:51,9.26,14,12964,1
10:57:48,9.26,326,301876,-1
10:57:45,9.27,141,130707,1
10:57:42,9.27,10,9270,1
10:57:39,9.27,127,117729,1
10:57:33,9.27,429,398600,-1
10:57:30,9.27,1106,1025262,-1
10:57:27,9.28,42,38976,1
10:57:24,9.28,84,77952,1
10:57:21,9.27,176,163152,-1
10:57:18,9.28,42,38976,-1
10:57:15,9.29,264,245255,1
10:57:12,9.28,365,338720,1
10:57:09,9.28,29,26911,1
10:57:06,9.28,154,142912,-1
10:57:03,9.29,1063,987536,1
10:57:00,9.29,192,178367,1
10:56:57,9.28,168,155904,-1
10:56:54,9.29,1544,1434375,-1
10:56:51,9.29,109,101260,-1
10:56:48,9.29,463,430126,-1
10:56:45,9.29,290,269410,-1
10:56:42,9.29,484,449635,-1
10:56:39,9.29,100,92899,-1
10:56:36,9.29,270,250829,-1
10:56:33,9.3,232,215760,1
10:56:30,9.29,817,758992,1
10:56:27,9.29,139,129130,1
10:56:24,9.29,357,331652,1
10:56:21,9.29,40,37160,1
10:56:18,9.28,2,1855,-1
10:56:15,9.28,309,286752,-1
10:56:12,9.28,242,224575,1
10:56:09,9.27,12,11124,-1
10:56:06,9.27,541,501507,1
10:56:00,9.26,194,179644,-1
10:55:57,9.26,50,46300,-1
10:55:54,9.26,218,201868,1
10:55:51,9.26,177,163902,1
10:55:48,9.26,32,29632,1
10:55:45,9.26,23,21298,1
10:55:42,9.26,1303,1206578,1
10:55:39,9.26,585,541710,0
10:55:36,9.27,885,820395,1
10:55:33,9.27,98,90846,1
10:55:30,9.27,140,129780,-1
10:55:27,9.28,1251,1160928,1
10:55:24,9.27,127,117729,-1
10:55:21,9.28,40,37120,1
10:55:18,9.28,1028,953983,-1
10:55:15,9.29,120,111479,1
10:55:12,9.29,2165,2011284,-1
10:55:09,9.3,305,283650,1
10:55:06,9.3,724,673320,1
10:55:03,9.3,409,380370,1
10:55:00,9.29,380,353019,-1
10:54:57,9.3,1048,974640,-1
10:54:54,9.31,2018,1878758,1
10:54:51,9.3,415,385950,-1
10:54:48,9.32,824,767968,1
10:54:45,9.31,1366,1271746,1
10:54:42,9.31,1467,1365777,1
10:54:39,9.31,149,138719,1
10:54:36,9.31,1100,1024100,1
10:54:33,9.3,434,403620,-1
10:54:30,9.32,609,567588,1
10:54:27,9.3,788,732840,1
10:54:24,9.3,783,728190,1
10:54:21,9.29,749,695820,1
10:54:18,9.28,760,705280,1
10:54:15,9.26,737,682462,0
10:54:12,9.25,1261,1166425,-1
10:54:09,9.27,488,453275,1
10:54:06,9.26,1077,998163,1
10:54:03,9.25,165,152625,1
10:54:00,9.23,78,71994,-1
10:53:57,9.23,483,445809,-1
10:53:54,9.24,1277,1179948,1
10:53:51,9.22,92,84824,-1
10:53:48,9.23,447,412581,1
10:53:45,9.23,32,29536,1
10:53:42,9.24,80,73920,1
10:53:39,9.24,140,129360,1
10:53:36,9.24,844,779856,1
10:53:33,9.24,129,119196,1
10:53:30,9.24,215,198660,1
10:53:27,9.24,32,29568,1
10:53:24,9.24,342,316008,1
10:53:21,9.25,499,461575,1
10:53:18,9.24,204,188496,1
10:53:15,9.24,238,219976,-1
10:53:12,9.24,687,634788,-1
10:53:09,9.24,73,67452,-1
10:53:06,9.24,119,109956,-1
10:53:03,9.24,65,60060,-1
10:53:00,9.24,153,142231,1
10:52:57,9.23,917,846455,-1
10:52:54,9.24,106,97944,-1
10:52:51,9.24,473,437911,1
10:52:48,9.23,1211,1117753,-1
10:52:45,9.23,139,128297,-1
10:52:42,9.24,113,104412,1
10:52:39,9.23,85,78455,1
10:52:36,9.23,281,259363,-1
10:52:33,9.23,207,191061,1
10:52:30,9.23,89,82147,1
10:52:27,9.23,71,65533,0
10:52:24,9.24,250,231000,1
10:52:21,9.23,514,474422,-1
10:52:18,9.23,48,44304,-1
10:52:15,9.24,243,224532,1
10:52:12,9.23,224,206752,0
10:52:09,9.22,177,163194,-1
10:52:06,9.23,2915,2690545,1
10:52:03,9.23,111,102453,1
10:52:00,9.23,81,74763,0
10:51:57,9.24,434,401016,1
10:51:54,9.23,174,160602,-1
10:51:51,9.24,1653,1527372,1
10:51:48,9.24,617,570108,-1
10:51:45,9.25,547,505975,1
10:51:42,9.25,310,286750,0
10:51:39,9.26,958,887126,1
10:51:36,9.26,483,447258,-1
10:51:33,9.27,110,101970,1
10:51:30,9.26,220,204627,1
10:51:27,9.26,581,538006,1
10:51:24,9.24,284,262416,-1
10:51:21,9.25,641,592925,1
10:51:18,9.25,220,203500,1
10:51:15,9.23,599,552877,-1
10:51:12,9.23,416,383968,-1
10:51:09,9.24,1505,1390620,1
10:51:06,9.22,290,267380,1
10:51:03,9.2,35,32199,-1
10:51:00,9.2,210,193199,-1
10:50:57,9.2,81,74520,-1
10:50:54,9.2,477,438839,1
10:50:51,9.22,1137,1048314,1
10:50:48,9.2,103,94759,1
10:50:45,9.2,67,62063,1
10:50:42,9.19,1090,1001710,1
10:50:39,9.19,244,224236,-1
10:50:36,9.2,467,429639,1
10:50:33,9.2,166,153216,-1
10:50:30,9.2,333,306783,1
10:50:27,9.2,106,97519,1
10:50:24,9.2,323,297160,1
10:50:21,9.2,378,347760,1
10:50:18,9.19,177,162663,-1
10:50:15,9.19,137,125903,-1
10:50:12,9.21,324,298404,1
10:50:09,9.2,240,220799,1
10:50:06,9.2,536,493119,-1
10:50:03,9.21,404,372084,1
10:50:00,9.21,218,200778,1
10:49:57,9.21,278,256038,1
10:49:54,9.2,402,369840,-1
10:49:51,9.23,919,848237,1
10:49:48,9.23,134,123682,0
10:49:45,9.22,155,142910,-1
10:49:42,9.22,713,657386,1
10:49:39,9.21,309,284589,-1
10:49:36,9.22,233,214826,1
10:49:33,9.22,821,756962,1
10:49:30,9.21,271,249591,-1
10:49:27,9.22,627,578094,1
10:49:24,9.22,153,141066,1
10:49:21,9.2,102,93840,-1
10:49:18,9.22,153,141066,1
10:49:15,9.22,612,564264,1
10:49:12,9.18,1064,977651,-1
10:49:09,9.19,156,143364,1
10:49:06,9.17,39,35763,-1
10:49:03,9.19,725,666275,1
10:49:00,9.17,886,812462,1
10:48:57,9.16,642,588072,1
10:48:54,9.15,429,392535,-1
10:48:51,9.15,753,688995,-1
10:48:48,9.15,116,106140,1
10:48:45,9.15,454,415410,1
10:48:42,9.14,106,96884,-1
10:48:39,9.14,929,849106,-1
10:48:36,9.15,68,62220,1
10:48:33,9.13,743,678359,-1
10:48:30,9.13,143,130559,-1
10:48:24,9.14,630,575820,1
10:48:21,9.12,157,143184,1
10:48:18,9.11,98,89278,-1
10:48:15,9.12,500,455999,1
10:48:12,9.12,444,404927,1
10:48:09,9.1,50,45500,-1
10:48:06,9.1,671,611510,1
10:48:03,9.08,431,391348,-1
10:48:00,9.09,300,272700,1
10:47:57,9.08,125,113500,1
10:47:54,9.08,69,62652,1
10:47:48,9.07,106,96142,-1
10:47:45,9.09,248,225432,1
10:47:42,9.07,52,47164,-1
10:47:39,9.08,210,190680,1
10:47:36,9.07,112,101584,-1
10:47:33,9.08,91,82628,1
10:47:30,9.07,133,120631,-1
10:47:24,9.08,100,90800,1
10:47:21,9.07,30,27210,0
10:47:15,9.08,157,142556,1
10:47:12,9.07,12,10884,1
10:47:09,9.07,1046,948722,-1
10:47:06,9.07,284,257588,-1
10:47:03,9.07,72,65304,-1
10:47:00,9.08,84,76272,1
10:46:57,9.08,172,156176,1
10:46:51,9.07,70,63490,-1
10:46:48,9.08,14,12712,1
10:46:45,9.08,84,76272,1
10:46:42,9.07,68,61676,-1
10:46:39,9.08,73,66284,1
10:46:36,9.08,161,146188,-1
10:46:33,9.08,547,496676,1
10:46:30,9.08,14,12712,1
10:46:27,9.08,3,2724,1
10:46:24,9.08,69,62652,1
10:46:21,9.08,554,503032,0
10:46:18,9.09,977,888093,1
10:46:15,9.08,401,364108,-1
10:46:12,9.09,130,118170,1
10:46:09,9.09,40,36360,1
10:46:06,9.08,10,9080,-1
10:46:03,9.08,100,90800,-1
10:46:00,9.08,5,4540,-1
10:45:57,9.08,76,69008,-1
10:45:54,9.08,246,223368,1
10:45:51,9.08,199,180692,1
10:45:48,9.07,58,52606,-1
10:45:45,9.08,1,908,1
10:45:42,9.08,30,27240,1
10:45:39,9.07,123,111561,1
10:45:36,9.07,15,13605,0
10:45:33,9.08,139,126212,0
10:45:30,9.1,633,576030,1
10:45:27,9.1,346,314860,1
10:45:24,9.09,125,113625,-1
10:45:21,9.09,506,459954,1
10:45:18,9.09,140,127260,1
10:45:15,9.09,87,79083,1
10:45:12,9.09,31,28179,1
10:45:09,9.07,388,351916,-1
10:45:06,9.08,39,35412,1
10:45:03,9.08,1288,1169504,1
10:45:00,9.05,152,137560,1
10:44:57,9.05,525,475125,1
10:44:54,9.04,6,5423,-1
10:44:51,9.04,66,59663,-1
10:44:45,9.04,127,114807,1
10:44:42,9.04,30,27119,1
10:44:39,9.03,281,253742,-1
10:44:36,9.03,15,13544,-1
10:44:33,9.03,109,98427,1
10:44:30,9.04,1047,946487,1
10:44:27,9.03,55,49665,1
10:44:24,9.03,34,30701,1
10:44:21,9.03,62,55985,0
10:44:18,9.04,215,194359,1
10:44:15,9.04,148,133792,1
10:44:12,9.03,217,195951,1
10:44:09,9.02,158,142516,-1
10:44:06,9.04,103,93111,1
10:44:03,9.02,20,18040,-1
10:44:00,9.04,670,605680,1
10:43:57,9.03,52,46956,-1
10:43:54,9.03,3,2709,-1
10:43:51,9.03,275,248324,1
10:43:48,9.02,4,3608,1
10:43:45,9.02,316,285032,1
10:43:42,9.02,35,31570,1
10:43:39,9.03,10,9030,1
10:43:36,9.02,67,60434,-1
10:43:33,9.02,41,36982,1
10:43:30,9.02,35,31570,-1
10:43:27,9.0,1000,900000,-1
10:43:21,9.02,73,65846,-1
10:43:18,9.02,434,392288,1
10:43:15,9.0,61,54900,-1
10:43:12,9.02,227,204754,1
10:43:06,9.0,722,649800,-1
10:43:03,9.01,57,51357,1
10:43:00,9.01,3,2703,1
10:42:57,9.01,146,131546,1
10:42:54,9.01,106,95506,-1
10:42:48,9.02,65,58630,1
10:42:45,9.01,232,209032,-1
10:42:42,9.01,136,122536,-1
10:42:39,9.02,153,138006,1
10:42:36,9.02,26,23452,1
10:42:33,9.01,214,192814,1
10:42:30,9.01,24,21624,1
10:42:27,9.01,240,216240,-1
10:42:24,9.01,1,901,-1
10:42:21,9.01,102,91902,1
10:42:18,9.0,23,20700,-1
10:42:15,9.01,1,901,-1
10:42:12,9.02,120,108240,1
10:42:09,9.01,9,8109,1
10:42:06,9.01,19,17119,1
10:42:03,9.01,96,86496,1
10:41:57,9.0,5,4500,-1
10:41:54,9.01,58,52258,1
10:41:51,9.01,2296,2069245,1
10:41:45,8.98,241,216418,1
10:41:42,8.97,10,8970,1
10:41:39,8.97,20,17940,1
10:41:36,8.97,10,8970,1
10:41:33,8.97,16,14352,-1
10:41:30,8.98,5,4490,1
10:41:27,8.97,101,90597,-1
10:41:24,8.97,30,26910,-1
10:41:21,8.97,89,79833,-1
10:41:18,8.98,112,100576,1
10:41:15,8.98,20,17960,1
10:41:12,8.98,77,69146,1
10:41:09,8.98,1,898,1
10:41:03,8.98,48,43104,1
10:41:00,8.97,92,82524,-1
10:40:57,8.98,11,9878,1
10:40:48,8.97,17,15249,-1
10:40:45,8.98,47,42206,1
10:40:42,8.98,14,12572,1
10:40:39,8.97,50,44850,0
10:40:33,8.98,52,46696,1
10:40:27,8.97,10,8970,-1
10:40:24,8.98,41,36818,1
10:40:21,8.97,122,109434,-1
10:40:15,8.98,32,28736,1
10:40:09,8.97,130,116610,-1
10:40:06,8.98,11,9878,1
10:40:03,8.98,3,2694,1
10:40:00,8.97,21,18837,-1
10:39:57,8.97,6,5382,-1
10:39:54,8.98,50,44900,1
10:39:42,8.98,23,20654,1
10:39:39,8.97,6,5382,-1
10:39:36,8.98,10,8980,1
10:39:33,8.97,28,25116,-1
10:39:27,8.98,2,1796,1
10:39:24,8.98,109,97882,1
10:39:21,8.98,11,9878,1
10:39:18,8.98,22,19756,1
10:39:15,8.97,21,18837,-1
10:39:12,8.98,11,9878,1
10:39:06,8.98,6,5388,1
10:39:03,8.98,291,261318,1
10:39:00,8.98,7,6286,1
10:38:57,8.98,109,97899,-1
10:38:54,8.99,42,37758,1
10:38:48,8.98,150,134700,-1
10:38:45,8.98,20,18840,1
10:38:42,8.98,55,49390,1
10:38:39,8.98,18,16164,1
10:38:36,8.98,42,37716,1
10:38:33,8.98,1,898,1
10:38:27,8.98,15,13470,1
10:38:24,8.98,222,199356,1
10:38:18,8.98,12,10776,1
10:38:15,8.98,19,17062,1
10:38:12,8.98,21,18858,1
10:38:09,8.98,2,1796,1
10:38:06,8.98,19,17062,1
10:38:03,8.97,32,28704,-1
10:38:00,8.97,412,370425,1
10:37:57,8.97,10,8970,1
10:37:54,8.96,10,8960,-1
10:37:51,8.97,794,712218,1
10:37:48,8.97,100,89700,1
10:37:42,8.97,38,34086,1
10:37:30,8.97,3,2691,1
10:37:27,8.97,9,8073,1
10:37:24,8.96,80,71680,1
10:37:21,8.95,17,15214,-1
10:37:12,8.95,87,77865,-1
10:37:09,8.96,26,23296,0
10:37:03,8.97,17,15249,1
10:37:00,8.96,71,63616,1
10:36:57,8.95,43,38485,-1
10:36:54,8.96,82,73472,1
10:36:48,8.96,2,1792,1
10:36:45,8.96,30,26880,1
10:36:42,8.95,184,164680,-1
10:36:36,8.96,87,77952,1
10:36:30,8.96,10,8960,1
10:36:27,8.95,12,10740,-1
10:36:24,8.95,100,89500,-1
10:36:15,8.95,11,9845,-1
10:36:12,8.95,124,110979,1
10:36:06,8.95,1,894,1
10:36:00,8.95,10,8950,1
10:35:57,8.94,20,17880,-1
10:35:54,8.95,31,27744,1
10:35:48,8.95,165,147675,1
10:35:42,8.95,52,46539,1
10:35:39,8.95,30,26849,1
10:35:36,8.94,21,18774,-1
10:35:33,8.94,50,44700,-1
10:35:27,8.95,8,7159,1
10:35:24,8.95,30,26849,1
10:35:21,8.94,33,29502,-1
10:35:18,8.95,20,17900,1
10:35:15,8.94,4,3576,-1
10:35:12,8.94,40,35760,-1
10:35:09,8.94,92,83124,-1
10:35:06,8.95,16,14319,1
10:35:03,8.95,43,38485,1
10:35:00,8.93,1038,926934,-1
10:34:57,8.95,25,22375,1
10:34:54,8.95,10,8950,1
10:34:51,8.95,197,176315,1
10:34:48,8.94,16,14304,-1
10:34:45,8.94,20,17880,-1
10:34:42,8.95,62,55489,1
10:34:39,8.95,95,85025,1
10:34:36,8.95,81,72495,1
10:34:33,8.95,74,66230,1
10:34:30,8.94,10,8940,-1
10:34:27,8.95,183,163785,1
10:34:24,8.95,21,18795,1
10:34:21,8.94,10,8940,-1
10:34:18,8.94,65,58110,-1
10:34:15,8.95,11,9845,1
10:34:12,8.94,123,109962,-1
10:34:09,8.94,3,2682,-1
10:34:06,8.95,27,24164,1
10:34:03,8.95,1,894,1
10:34:00,8.95,17,15214,1
10:33:57,8.95,52,46539,1
10:33:54,8.95,20,17900,1
10:33:51,8.95,75,67125,1
10:33:48,8.94,107,95658,-1
10:33:45,8.95,1,894,1
10:33:42,8.95,191,170945,-1
10:33:39,8.95,2,1789,-1
10:33:33,8.95,5,4475,-1
10:33:30,8.96,72,64512,1
10:33:27,8.96,254,227610,1
10:33:24,8.95,11,9845,-1
10:33:21,8.96,6,5376,1
10:33:15,8.96,277,248192,1
10:33:12,8.95,49,43855,-1
10:33:09,8.96,434,388864,1
10:33:03,8.96,535,479360,1
10:33:00,8.96,92,82432,1
10:32:57,8.96,14,12544,1
10:32:54,8.96,96,86016,1
10:32:51,8.95,15,13424,-1
10:32:48,8.95,50,44750,-1
10:32:45,8.95,275,246993,1
10:32:42,8.95,13,11634,1
10:32:39,8.95,174,155730,1
10:32:36,8.95,340,304300,1
10:32:33,8.94,28,25032,-1
10:32:30,8.94,196,175224,-1
10:32:27,8.95,21,18795,1
10:32:24,8.95,96,85920,1
10:32:21,8.94,73,65262,1
10:32:18,8.94,55,49170,1
10:32:15,8.93,13,11609,-1
10:32:12,8.93,10,8930,-1
10:32:09,8.95,82,73390,1
10:32:06,8.93,201,179493,-1
10:32:03,8.95,58,51909,1
10:32:00,8.95,113,101134,1
10:31:57,8.93,141,125913,-1
10:31:54,8.95,5,4475,1
10:31:51,8.95,4,3579,1
10:31:48,8.95,58,51909,1
10:31:45,8.95,118,105609,1
10:31:42,8.95,96,85920,1
10:31:39,8.92,147,131124,-1
10:31:36,8.95,13,11634,1
10:31:33,8.94,259,231546,1
10:31:30,8.94,59,52746,1
10:31:27,8.91,260,231660,0
10:31:24,8.9,738,656820,-1
10:31:21,8.92,314,280132,1
10:31:18,8.91,10,8910,1
10:31:15,8.91,96,85536,-1
10:31:12,8.91,85,75735,-1
10:31:09,8.92,394,351448,1
10:31:06,8.92,63,56196,1
10:31:03,8.91,102,90882,0
10:31:00,8.9,963,857070,-1
10:30:57,8.92,22,19624,1
10:30:54,8.91,130,115830,1
10:30:51,8.91,533,474903,-1
10:30:48,8.92,177,157884,1
10:30:45,8.9,481,428090,-1
10:30:42,8.91,793,706563,1
10:30:39,8.91,18,16038,1
10:30:36,8.9,165,146850,-1
10:30:33,8.91,367,326997,-1
10:30:30,8.91,850,757350,-1
10:30:27,8.91,241,214731,-1
10:30:24,8.91,141,125631,-1
10:30:21,8.91,261,232551,-1
10:30:18,8.91,21,18711,-1
10:30:15,8.91,143,127413,-1
10:30:12,8.91,10,8910,-1
10:30:09,8.92,67,59764,1
10:30:06,8.92,7,6244,1
10:30:03,8.92,717,640411,-1
10:30:00,8.93,1,893,1
10:29:57,8.92,668,595856,-1
10:29:54,8.93,53,47329,1
10:29:51,8.93,336,300048,1
10:29:48,8.93,117,104481,-1
10:29:45,8.93,1146,1023378,-1
10:29:42,8.93,23,20539,-1
10:29:39,8.93,16,14288,-1
10:29:36,8.92,105,93660,-1
10:29:30,8.92,4,3568,-1
10:29:27,8.93,346,309022,1
10:29:24,8.93,85,75905,1
10:29:18,8.93,4,3572,1
10:29:15,8.93,45,40185,1
10:29:12,8.92,72,65071,-1
10:29:09,8.93,16,14332,1
10:29:06,8.93,55,49963,-1
10:29:03,8.93,701,626037,1
10:29:00,8.92,15,13380,-1
10:28:57,8.93,76,67868,1
10:28:54,8.93,6,5358,1
10:28:51,8.93,321,286653,1
10:28:48,8.93,6,5358,1
10:28:45,8.92,115,102580,-1
10:28:42,8.93,1880,1679688,-1
10:28:36,8.93,202,180386,-1
10:28:33,8.93,4,3572,-1
10:28:30,8.94,313,279822,-1
10:28:27,8.94,7,6258,-1
10:28:24,8.94,44,39336,-1
10:28:18,8.94,61,54534,-1
10:28:15,8.95,10,8950,1
10:28:12,8.95,27,24164,1
10:28:09,8.94,135,120690,-1
10:28:06,8.95,55,49224,1
10:28:03,8.95,10,8950,1
10:28:00,8.95,10,8950,0
10:27:57,8.96,61,54656,1
10:27:54,8.93,1170,1044810,-1
10:27:51,8.95,1021,913794,-1
10:27:48,8.96,15,13440,1
10:27:45,8.95,10,8950,-1
10:27:42,8.96,10,8960,1
10:27:39,8.96,41,36736,1
10:27:36,8.96,113,101248,1
10:27:30,8.96,50,44800,1
10:27:18,8.96,214,191744,-1
10:27:15,8.97,5,4485,1
10:27:12,8.97,3,2691,1
10:27:09,8.97,20,17940,1
10:27:06,8.97,73,65481,1
10:27:03,8.97,51,45747,1
10:27:00,8.97,69,61893,1
10:26:57,8.95,18,16109,-1
10:26:54,8.97,33,29601,1
10:26:51,8.96,19,17024,-1
10:26:48,8.97,10,8970,1
10:26:42,8.97,16,14352,1
10:26:39,8.97,12,10764,1
10:26:36,8.96,5,4480,0
10:26:30,8.97,5,4485,1
10:26:27,8.95,322,288190,-1
10:26:24,8.95,128,114559,-1
10:26:21,8.97,175,156975,1
10:26:18,8.97,101,90597,1
10:26:15,8.96,26,23296,-1
10:26:12,8.96,56,50176,-1
10:26:09,8.96,112,100352,-1
10:26:03,8.97,6,5382,1
10:26:00,8.97,19,17043,1
10:25:57,8.96,59,52864,-1
10:25:54,8.96,81,72576,-1
10:25:51,8.97,25,22425,-1
10:25:48,8.97,51,45747,-1
10:25:45,8.98,14,12572,1
10:25:42,8.97,24,21528,-1
10:25:39,8.97,4,3588,-1
10:25:36,8.97,86,77142,-1
10:25:33,8.97,19,17043,-1
10:25:30,8.97,60,53820,-1
10:25:24,8.97,149,133653,1
10:25:21,8.97,285,255645,1
10:25:18,8.97,13,11661,1
10:25:09,8.97,18,16146,1
10:25:06,8.97,47,42159,-1
10:25:03,8.98,164,147272,1
10:24:57,8.97,56,50232,1
10:24:54,8.97,90,80730,1
10:24:48,8.97,83,74451,1
10:24:45,8.97,10,8970,1
10:24:42,8.97,122,109434,-1
10:24:39,8.97,12,10764,-1
10:24:36,8.98,100,89800,1
10:24:33,8.97,10,8970,-1
10:24:30,8.98,90,80820,1
10:24:27,8.97,25,22425,-1
10:24:24,8.97,20,17940,1
10:24:21,8.96,46,41216,-1
10:24:18,8.96,224,200704,-1
10:24:15,8.97,150,134550,1
10:24:12,8.95,129,115454,-1
10:24:09,8.96,1,896,-1
10:24:06,8.96,198,177408,1
10:24:03,8.95,74,66230,-1
10:24:00,8.95,6,5370,-1
10:23:57,8.95,200,179000,-1
10:23:54,8.95,101,90395,-1
10:23:51,8.95,299,267605,1
10:23:48,8.95,2,1789,1
10:23:45,8.95,56,50119,1
10:23:42,8.94,35,31290,-1
10:23:39,8.95,543,485984,1
10:23:33,8.95,233,208534,1
10:23:30,8.94,69,61686,-1
10:23:27,8.95,65,58174,1
10:23:21,8.94,86,76884,-1
10:23:18,8.95,125,111874,1
10:23:15,8.94,50,44700,-1
10:23:12,8.95,3,2685,1
10:23:09,8.95,113,101134,1
10:23:06,8.94,10,8940,-1
10:23:03,8.95,43,38485,1
10:23:00,8.94,61,54534,-1
10:22:57,8.94,641,573054,-1
10:22:54,8.95,5,4475,1
10:22:51,8.95,30,26849,1
10:22:45,8.94,125,111750,-1
10:22:39,8.94,126,112644,-1
10:22:36,8.95,3,2685,1
10:22:30,8.95,117,104714,1
10:22:27,8.94,58,51852,-1
10:22:24,8.94,262,234228,-1
10:22:21,8.94,129,115844,1
10:22:18,8.94,10,8940,1
10:22:15,8.94,225,201150,1
10:22:12,8.94,2,1788,1
10:22:09,8.93,15,13395,-1
10:22:06,8.94,581,519414,1
10:22:03,8.94,10,8940,1
10:22:00,8.94,440,393360,1
10:21:57,8.94,30,26820,1
10:21:54,8.93,140,125020,-1
10:21:51,8.94,1,894,1
10:21:48,8.94,114,101916,1
10:21:45,8.94,331,296289,-1
10:21:42,8.95,8,7159,1
10:21:39,8.95,96,85920,1
10:21:36,8.94,22,19668,-1
10:21:33,8.95,34,30429,1
10:21:30,8.94,50,44700,-1
10:21:27,8.94,57,50958,-1
10:21:24,8.94,47,42536,1
10:21:21,8.94,40,35760,1
10:21:18,8.93,115,103195,-1
10:21:15,8.94,136,121584,1
10:21:12,8.94,162,144828,1
10:21:09,8.93,44,39292,-1
10:21:06,8.94,66,59004,1
10:21:03,8.94,254,227076,1
10:20:57,8.94,465,415710,1
10:20:54,8.94,501,447894,1
10:20:51,8.93,54,48222,-1
10:20:48,8.94,75,67425,-1
10:20:45,8.94,21,19292,1
10:20:42,8.93,16,14288,-1
10:20:39,8.94,96,85824,1
10:20:36,8.94,51,45594,1
10:20:33,8.93,527,470611,-1
10:20:30,8.94,15,13410,-1
10:20:27,8.95,20,17900,1
10:20:24,8.95,20,17900,1
10:20:21,8.94,50,44700,-1
10:20:18,8.95,516,461819,1
10:20:15,8.95,61,54594,1
10:20:09,8.95,11,9845,1
10:20:06,8.94,143,127842,-1
10:20:00,8.93,415,370595,-1
10:19:57,8.95,161,144095,-1
10:19:54,8.95,49,43855,0
10:19:48,8.93,1326,1184118,-1
10:19:45,8.95,40,35800,1
10:19:42,8.95,115,102924,1
10:19:39,8.95,257,230014,1
10:19:36,8.94,74,66156,-1
10:19:33,8.95,7,6264,1
10:19:30,8.95,28,25059,1
10:19:27,8.95,600,537000,1
10:19:24,8.95,14,12529,1
10:19:21,8.95,93,83235,1
10:19:18,8.95,414,370529,1
10:19:15,8.95,154,137830,-1
10:19:12,8.95,100,89500,-1
10:19:09,8.96,43,38528,1
10:19:06,8.96,10,8960,1
10:19:03,8.96,50,44800,0
10:19:00,8.95,125,111874,-1
10:18:57,8.97,16,14352,1
10:18:54,8.94,218,194892,-1
10:18:51,8.95,135,120824,-1
10:18:48,8.95,244,218379,-1
10:18:45,8.95,39,34905,-1
10:18:42,8.95,5,4475,-1
10:18:39,8.95,2,1789,-1
10:18:36,8.95,39,34905,-1
10:18:33,8.95,43,38485,1
10:18:30,8.94,42,37753,-1
10:18:27,8.94,347,310218,-1
10:18:24,8.95,83,74285,1
10:18:21,8.95,147,131565,1
10:18:18,8.94,564,504216,-1
10:18:15,8.95,158,141410,1
10:18:12,8.95,124,110979,1
10:18:09,8.94,78,69732,-1
10:18:06,8.94,231,207336,-1
10:18:03,8.95,184,164680,1
10:18:00,8.95,28,25059,1
10:17:57,8.95,59,52804,1
10:17:51,8.95,15,13424,1
10:17:48,8.95,13,11634,1
10:17:45,8.95,5,4475,1
10:17:42,8.95,3631,3250434,-1
10:17:39,8.97,355,318829,-1
10:17:36,8.97,42,37674,-1
10:17:30,8.98,102,91596,1
10:17:27,8.97,636,570492,-1
10:17:24,8.98,22,19756,1
10:17:21,8.98,133,119434,1
10:17:18,8.97,32,28704,-1
10:17:15,8.97,40,35880,-1
10:17:12,8.98,61,54778,1
10:17:09,8.98,34,30532,1
10:17:03,8.98,21,18858,1
10:17:00,8.98,1067,958166,-1
10:16:57,8.98,16,14368,-1
10:16:54,8.99,5,4495,1
10:16:51,8.99,23,20677,1
10:16:48,8.99,12,10788,1
10:16:42,8.98,10,8980,-1
10:16:39,8.98,12,10776,-1
10:16:36,8.99,2,1798,1
10:16:30,8.99,13,11687,1
10:16:27,8.99,57,51243,1
10:16:24,8.99,1,899,1
10:16:21,8.98,45,40410,-1
10:16:18,8.97,54,48438,-1
10:16:15,8.97,100,89700,-1
10:16:12,8.97,356,319332,-1
10:16:09,8.98,26,23348,1
10:16:06,8.97,38,34086,-1
10:16:00,8.98,10,8980,1
10:15:57,8.98,12,10776,1
10:15:54,8.97,10,8970,-1
10:15:51,8.98,37,33226,1
10:15:48,8.98,175,157150,1
10:15:45,8.97,365,327665,-1
10:15:42,8.97,144,129168,-1
10:15:39,8.98,70,62860,1
10:15:36,8.98,27,25135,1
10:15:33,8.97,115,103155,-1
10:15:27,8.97,6,5382,-1
10:15:24,8.97,51,45747,-1
10:15:21,8.97,10,8970,-1
10:15:18,8.97,10,8970,-1
10:15:15,8.98,70,62860,1
10:15:12,8.97,63,56511,-1
10:15:09,8.98,3,2694,1
10:15:06,8.98,5,4490,1
10:15:03,8.97,34,30749,1
10:15:00,8.97,93,83421,1
10:14:57,8.97,111,99567,1
10:14:54,8.97,20,17940,1
10:14:51,8.97,61,55362,-1
10:14:48,8.97,48,43307,1
10:14:45,8.97,37,33189,1
10:14:42,8.97,5,4485,1
10:14:39,8.97,85,76245,1
10:14:36,8.97,57,51129,1
10:14:33,8.97,30,26910,1
10:14:30,8.97,124,111228,1
10:14:27,8.97,692,621369,-1
10:14:24,8.98,8,7184,1
10:14:21,8.97,118,105846,-1
10:14:18,8.97,20,17940,-1
10:14:15,8.98,210,188580,1
10:14:12,8.97,53,47541,-1
10:14:09,8.98,16,14368,1
10:14:06,8.98,9,8082,1
10:14:03,8.97,185,165945,-1
10:14:00,8.97,90,80730,-1
10:13:54,8.97,48,43056,-1
10:13:51,8.97,34,30498,-1
10:13:48,8.97,30,26910,-1
10:13:45,8.98,33,29634,1
10:13:42,8.98,3,2694,1
10:13:39,8.98,22,19756,1
10:13:36,8.98,15,13470,1
10:13:30,8.97,113,101361,-1
10:13:24,8.98,56,50288,1
10:13:21,8.98,41,36818,1
10:13:18,8.98,51,45798,1
10:13:09,8.98,20,17960,1
10:13:06,8.98,22,19756,-1
10:13:03,8.98,605,543290,-1
10:13:00,8.99,7,6293,1
10:12:57,8.98,26,23348,-1
10:12:54,8.99,66,59334,1
10:12:51,8.99,232,208568,1
10:12:48,8.99,622,559249,-1
10:12:45,8.99,46,41354,-1
10:12:36,9.0,3,2700,1
10:12:33,8.99,100,89900,-1
10:12:27,9.0,9,8100,-1
10:12:24,9.0,59,53100,1
10:12:12,9.0,108,97200,-1
10:12:09,9.0,5,4500,-1
10:12:06,9.0,5,4500,-1
10:12:03,9.0,28,25200,1
10:12:00,9.0,27,24300,1
10:11:57,9.0,10,9000,1
10:11:54,9.0,20,18000,1
10:11:51,9.0,54,48600,-1
10:11:48,9.0,28,25200,-1
10:11:45,9.01,10,9010,1
10:11:42,9.0,23,20700,-1
10:11:39,9.0,5,4500,-1
10:11:36,9.01,82,73882,1
10:11:33,9.01,20,18020,1
10:11:30,9.0,76,68400,-1
10:11:27,9.0,10,9000,-1
10:11:24,9.0,28,25200,-1
10:11:21,9.0,65,58500,-1
10:11:18,9.0,137,123300,-1
10:11:15,9.01,20,18020,1
10:11:12,9.01,52,46852,1
10:11:09,9.01,64,57664,1
10:11:03,9.01,142,127942,1
10:11:00,9.0,247,222300,-1
10:10:57,9.01,2,1802,1
10:10:54,9.01,21,18921,1
10:10:51,9.0,1,900,-1
10:10:48,9.01,63,56763,-1
10:10:45,9.01,16,14416,-1
10:10:42,9.02,27,24354,1
10:10:39,9.01,9,8109,-1
10:10:36,9.01,4,3604,-1
10:10:33,9.01,93,83793,-1
10:10:27,9.01,56,50456,1
10:10:24,9.0,5,4500,-1
10:10:21,9.01,5,4505,1
10:10:18,9.01,20,18020,1
10:10:15,9.01,30,27030,1
10:10:12,9.01,14,12614,1
10:10:09,9.01,5,4505,1
10:10:06,9.01,13,11713,1
10:10:03,9.01,1,901,1
10:10:00,9.01,417,375717,1
10:09:54,9.0,10,9000,-1
10:09:51,9.0,14,12600,-1
10:09:48,9.0,20,18000,-1
10:09:45,9.0,369,332100,-1
10:09:42,9.0,175,157500,-1
10:09:39,9.01,53,47753,1
10:09:36,9.0,45,40500,-1
10:09:30,9.0,388,349200,-1
10:09:24,9.0,25,22500,-1
10:09:21,9.0,77,69300,-1
10:09:18,9.01,11,9911,1
10:09:15,9.0,15,13500,-1
10:09:12,9.0,30,27000,-1
10:09:06,9.01,19,17119,1
10:09:00,9.01,606,546006,-1
10:08:57,9.01,88,79288,-1
10:08:51,9.02,51,46002,1
10:08:45,9.02,47,42394,-1
10:08:39,9.02,15,13530,-1
10:08:36,9.02,488,440176,-1
10:08:33,9.03,4,3611,1
10:08:30,9.03,56,50568,1
10:08:27,9.01,46,41446,-1
10:08:24,9.01,701,632321,-1
10:08:21,9.01,55,49555,-1
10:08:18,9.01,120,108120,-1
10:08:15,9.02,57,51414,1
10:08:12,9.01,208,187408,-1
10:08:09,9.01,10,9010,-1
10:08:06,9.02,57,51414,1
10:08:00,9.02,22,19844,1
10:07:57,9.02,16,14432,1
10:07:51,9.02,60,54120,1
10:07:45,9.02,20,18040,1
10:07:42,9.02,16,14432,1
10:07:39,9.02,104,94691,1
10:07:33,9.01,1,901,-1
10:07:30,9.0,67,60300,-1
10:07:27,9.01,75,67575,1
10:07:24,9.01,408,367608,1
10:07:21,9.01,38,34238,1
10:07:18,9.01,38,34238,1
10:07:15,9.0,170,153000,-1
10:07:12,9.01,10,9010,1
10:07:09,9.01,11,9911,1
10:07:06,9.01,20,18020,1
10:07:00,9.0,46,41400,-1
10:06:57,9.0,20,18000,-1
10:06:51,9.0,17,15300,-1
10:06:48,8.99,110,98890,-1
10:06:45,9.0,538,484200,1
10:06:42,9.0,463,416700,1
10:06:39,9.0,213,191700,1
10:06:36,9.0,405,364500,1
10:06:33,9.0,394,354600,1
10:06:30,9.0,8,7200,1
10:06:27,9.0,3,2700,1
10:06:24,9.0,1,900,1
10:06:21,8.99,94,84506,-1
10:06:18,8.99,6,5394,-1
10:06:15,8.99,25,22475,-1
10:06:12,8.99,32,29595,1
10:06:09,8.98,207,185886,-1
10:06:06,8.98,60,53880,-1
10:06:03,8.99,63,56637,1
10:06:00,8.98,25,22450,-1
10:05:54,8.98,247,221806,1
10:05:51,8.98,54,48492,1
10:05:48,8.98,450,404100,1
10:05:45,8.98,70,62860,1
10:05:42,8.97,21,18837,-1
10:05:39,8.97,325,291525,-1
10:05:36,8.98,301,270298,1
10:05:33,8.97,430,385710,-1
10:05:30,8.98,116,104168,1
10:05:27,8.98,1,898,1
10:05:24,8.98,25,22450,1
10:05:18,8.98,125,112250,1
10:05:15,8.98,3,2694,1
10:05:12,8.97,35,31395,-1
10:05:09,8.98,10,8980,1
10:05:06,8.97,64,57659,-1
10:05:00,8.97,146,130962,1
10:04:57,8.97,139,124683,1
10:04:54,8.97,5,4485,1
10:04:51,8.97,20,17940,1
10:04:45,8.96,185,165760,1
10:04:42,8.95,233,208534,-1
10:04:39,8.96,151,135296,1
10:04:36,8.95,172,153940,-1
10:04:33,8.96,182,163072,1
10:04:30,8.96,141,126336,1
10:04:27,8.95,149,133355,-1
10:04:24,8.96,97,86912,1
10:04:21,8.96,211,189056,1
10:04:18,8.95,71,63544,-1
10:04:15,8.95,206,184369,-1
10:04:12,8.95,168,150574,-1
10:04:09,8.95,41,37581,1
10:04:06,8.94,65,58110,-1
10:04:03,8.95,317,283715,1
10:04:00,8.94,57,51637,-1
10:03:57,8.95,212,189739,1
10:03:54,8.95,233,208534,1
10:03:51,8.95,2346,2099678,-1
10:03:48,8.96,44,39424,1
10:03:45,8.96,1070,958720,-1
10:03:42,8.97,67,60099,1
10:03:39,8.97,13,11661,1
10:03:36,8.96,51,45696,-1
10:03:33,8.96,31,27776,-1
10:03:30,8.96,198,177408,1
10:03:27,8.96,173,155008,1
10:03:24,8.96,242,216832,-1
10:03:21,8.96,23,20608,-1
10:03:18,8.97,512,459264,1
10:03:15,8.96,61,54656,-1
10:03:12,8.96,129,115584,-1
10:03:09,8.97,668,599196,1
10:03:06,8.96,426,381696,-1
10:03:03,8.97,754,676338,1
10:03:00,8.97,153,137241,1
10:02:57,8.96,220,197120,-1
10:02:54,8.97,257,230529,1
10:02:51,8.97,77,69069,1
10:02:48,8.97,59,53138,-1
10:02:45,8.98,421,378058,1
10:02:42,8.98,201,180498,1
10:02:39,8.97,407,365079,-1
10:02:36,8.97,143,128271,-1
10:02:33,8.97,87,78039,-1
10:02:30,8.97,54,48438,-1
10:02:27,8.97,97,87009,-1
10:02:24,8.99,21,18879,1
10:02:21,8.98,10,8980,0
10:02:18,8.99,58,52142,1
10:02:15,8.98,1,898,-1
10:02:12,8.97,3,2691,-1
10:02:09,8.97,20,17940,-1
10:02:06,8.98,92,82616,1
10:02:03,8.97,131,117507,-1
10:01:57,8.98,37,33226,1
10:01:54,8.98,74,66452,1
10:01:51,8.98,20,17960,1
10:01:48,8.97,252,226044,-1
10:01:45,8.98,14,12572,-1
10:01:42,8.98,48,43104,-1
10:01:39,8.99,63,56637,1
10:01:33,8.98,21,18858,-1
10:01:30,8.98,15,13470,-1
10:01:27,8.98,51,45798,-1
10:01:24,8.98,335,300830,-1
10:01:21,8.98,1,898,-1
10:01:18,8.98,50,44900,-1
10:01:12,8.99,69,62031,1
10:01:09,8.98,104,93392,1
10:01:06,8.98,143,128414,1
10:01:03,8.98,1,898,1
10:01:00,8.98,54,48492,-1
10:00:57,8.99,119,106981,1
10:00:54,8.98,71,63758,-1
10:00:51,8.99,21,18879,1
10:00:48,8.97,127,113919,-1
10:00:39,8.99,93,83607,-1
10:00:36,8.99,198,178002,-1
10:00:33,8.99,51,45849,1
10:00:30,8.98,283,254134,0
10:00:24,8.99,220,197780,1
10:00:21,8.99,120,107880,1
10:00:18,8.98,177,158946,-1
10:00:15,8.99,14,12586,-1
10:00:12,8.99,71,63829,-1
10:00:09,8.99,52,46748,1
10:00:06,8.97,1046,938262,-1
10:00:03,9.0,13,11700,1
10:00:00,9.0,352,317448,1
09:59:54,8.99,5,4495,-1
09:59:51,9.0,11,9900,1
09:59:48,9.0,3,2700,1
09:59:45,8.99,65,58435,-1
09:59:42,8.99,351,315549,-1
09:59:39,9.0,54,48600,1
09:59:36,9.0,11,9900,1
09:59:30,8.99,24,21576,-1
09:59:24,9.0,11,9900,1
09:59:21,8.99,31,27869,-1
09:59:18,8.99,20,17980,-1
09:59:12,9.0,14,12600,1
09:59:09,8.99,7,6293,-1
09:59:06,8.99,196,176204,1
09:59:03,8.99,80,71920,1
09:59:00,8.99,200,179800,1
09:58:57,8.99,143,128557,1
09:58:54,8.98,500,449000,-1
09:58:51,8.99,82,73718,1
09:58:48,8.99,195,175305,1
09:58:45,8.99,59,53041,1
09:58:42,8.99,12,10788,1
09:58:39,8.99,15,13485,1
09:58:36,8.99,310,278690,-1
09:58:33,8.99,97,87203,-1
09:58:30,9.0,39,35100,1
09:58:27,9.0,218,196200,1
09:58:24,8.99,90,80910,-1
09:58:21,9.0,49,44100,1
09:58:18,9.0,74,66600,1
09:58:15,9.0,127,114300,1
09:58:12,9.0,10,9000,1
09:58:09,9.0,14,12600,1
09:58:06,9.0,177,159300,1
09:58:03,9.0,68,61200,1
09:58:00,8.99,82,73718,-1
09:57:57,9.0,103,92700,1
09:57:54,9.0,288,259200,1
09:57:51,9.0,174,156609,-1
09:57:48,9.01,324,291924,1
09:57:45,9.01,47,42347,1
09:57:42,9.01,92,82892,1
09:57:39,9.0,62,55800,-1
09:57:36,9.01,108,97308,1
09:57:33,9.01,65,58565,1
09:57:30,9.01,81,72981,1
09:57:27,9.01,27,24327,1
09:57:24,9.01,162,145962,0
09:57:21,9.02,22,19844,1
09:57:18,9.02,15,13530,1
09:57:15,9.02,51,46002,1
09:57:12,9.02,98,88477,-1
09:57:09,9.02,207,186714,-1
09:57:06,9.02,11,9922,-1
09:57:03,9.02,80,72160,-1
09:57:00,9.02,1063,959646,1
09:56:57,9.0,13,11700,-1
09:56:54,9.0,18,16200,-1
09:56:51,9.0,139,125991,1
09:56:48,9.0,442,397800,1
09:56:45,9.0,131,117900,1
09:56:42,9.0,150,135000,1
09:56:36,9.0,79,71100,-1
09:56:33,9.01,56,50456,0
09:56:30,9.0,6,5400,-1
09:56:27,8.99,357,320943,-1
09:56:24,9.0,178,160200,0
09:56:21,8.99,315,283185,-1
09:56:18,9.0,20,18000,1
09:56:15,8.99,107,96193,-1
09:56:12,8.99,73,65627,0
09:56:06,8.98,110,98815,-1
09:56:03,8.98,86,77228,-1
09:56:00,8.99,468,420732,1
09:55:57,8.99,111,99789,1
09:55:54,8.99,316,284084,1
09:55:51,8.99,107,96193,1
09:55:48,8.98,45,40410,-1
09:55:45,8.99,60,53940,1
09:55:42,8.98,111,99678,1
09:55:39,8.97,84,75348,-1
09:55:36,8.98,62,55676,1
09:55:33,8.98,81,72738,1
09:55:30,8.98,99,88902,0
09:55:27,8.99,112,100688,1
09:55:24,8.99,37,33263,1
09:55:21,8.97,72,64584,-1
09:55:18,8.98,47,42206,-1
09:55:15,8.98,109,97882,1
09:55:12,8.98,156,140088,0
09:55:09,8.99,309,277791,1
09:55:06,8.96,280,251740,-1
09:55:03,8.97,189,169533,-1
09:55:00,8.99,694,623906,1
09:54:57,8.98,97,87106,1
09:54:54,8.97,295,264615,-1
09:54:51,8.98,6,5388,1
09:54:48,8.97,29,26013,-1
09:54:45,8.97,764,685343,1
09:54:42,8.96,177,159479,-1
09:54:39,8.97,181,162357,1
09:54:36,8.95,80,72486,-1
09:54:33,8.95,442,395589,-1
09:54:30,8.96,182,163072,1
09:54:27,8.95,303,271185,-1
09:54:24,8.95,348,311460,-1
09:54:21,8.95,393,351735,-1
09:54:18,8.95,674,603230,1
09:54:15,8.94,1036,926184,1
09:54:12,8.93,432,385776,-1
09:54:09,8.93,435,388455,-1
09:54:06,8.92,799,712708,-1
09:54:03,8.93,304,271472,-1
09:54:00,8.94,771,689274,1
09:53:57,8.94,152,135888,1
09:53:54,8.93,85,75905,-1
09:53:51,8.93,79,70547,-1
09:53:48,8.94,754,674076,1
09:53:45,8.94,153,136782,0
09:53:42,8.92,430,383560,-1
09:53:39,8.94,487,435378,-1
09:53:36,8.94,249,222606,1
09:53:33,8.95,242,216589,1
09:53:30,8.94,818,731292,-1
09:53:27,8.95,231,206744,1
09:53:24,8.94,255,227970,-1
09:53:21,8.95,1424,1274480,-1
09:53:18,8.96,634,568064,1
09:53:15,8.96,297,266112,1
09:53:12,8.96,490,439040,-1
09:53:09,8.96,263,235648,-1
09:53:06,8.97,622,557934,1
09:53:03,8.97,348,312156,1
09:53:00,8.97,522,468234,1
09:52:57,8.97,240,215280,1
09:52:54,8.97,239,214383,-1
09:52:51,8.97,133,119301,-1
09:52:48,8.98,305,273890,1
09:52:45,8.97,640,574080,-1
09:52:42,8.98,249,223602,1
09:52:39,8.98,105,94290,1
09:52:36,8.98,4,3592,1
09:52:33,8.98,5,4490,1
09:52:30,8.98,527,473246,-1
09:52:27,8.98,98,88004,-1
09:52:24,8.99,547,491753,-1
09:52:21,8.99,205,184295,-1
09:52:18,8.99,246,221154,-1
09:52:15,9.0,68,61200,1
09:52:12,9.0,207,186300,1
09:52:09,9.0,51,45900,1
09:52:06,9.0,166,149400,1
09:52:03,9.0,3120,2808000,-1
09:52:00,9.03,13,11739,1
09:51:57,9.03,39,35217,1
09:51:54,9.02,199,179498,1
09:51:51,9.02,2842,2563484,-1
09:51:48,9.03,281,253742,1
09:51:45,9.02,61,55022,-1
09:51:42,9.02,189,170478,-1
09:51:39,9.02,505,455510,-1
09:51:36,9.03,77,69531,1
09:51:33,9.03,11,9933,1
09:51:30,9.02,55,49610,-1
09:51:27,9.02,94,84788,-1
09:51:24,9.02,151,136202,-1
09:51:21,9.02,182,164164,-1
09:51:18,9.02,22,19844,-1
09:51:15,9.02,173,156046,1
09:51:12,9.02,343,309386,-1
09:51:09,9.02,293,264286,-1
09:51:03,9.04,73,65992,1
09:51:00,9.02,162,146124,-1
09:50:57,9.03,25,22575,0
09:50:54,9.01,2235,2013735,-1
09:50:51,9.03,9,8126,1
09:50:48,9.03,98,88494,1
09:50:42,9.03,395,356685,-1
09:50:39,9.04,91,82263,1
09:50:36,9.04,155,140120,1
09:50:33,9.03,198,178794,1
09:50:30,9.02,140,126280,-1
09:50:27,9.03,57,51470,0
09:50:24,9.02,220,198440,-1
09:50:21,9.03,63,56888,-1
09:50:18,9.04,189,170855,1
09:50:15,9.04,273,246791,1
09:50:12,9.03,13,11739,1
09:50:09,9.03,31,27992,1
09:50:06,9.03,187,168861,-1
09:50:03,9.03,186,167958,-1
09:50:00,9.03,207,186921,-1
09:49:57,9.03,77,69531,0
09:49:54,9.02,118,106436,-1
09:49:51,9.02,79,71258,-1
09:49:48,9.02,221,199342,-1
09:49:45,9.03,144,130031,0
09:49:42,9.02,343,309386,-1
09:49:39,9.03,320,288960,1
09:49:36,9.03,188,169764,1
09:49:33,9.02,133,119966,-1
09:49:30,9.03,1044,942731,-1
09:49:27,9.03,135,121904,-1
09:49:24,9.03,47,42441,-1
09:49:21,9.03,32,28895,-1
09:49:18,9.04,15,13559,1
09:49:15,9.02,510,460020,-1
09:49:12,9.03,55,49665,0
09:49:09,9.02,38,34276,-1
09:49:06,9.04,27,24407,0
09:49:03,9.02,876,790152,-1
09:49:00,9.05,165,149325,1
09:48:57,9.04,1617,1461767,-1
09:48:54,9.05,109,98645,1
09:48:51,9.03,203,183309,-1
09:48:48,9.05,111,100455,1
09:48:45,9.05,51,46155,1
09:48:42,9.05,1485,1343925,1
09:48:39,9.05,107,96835,-1
09:48:36,9.06,404,366024,1
09:48:33,9.06,104,94224,1
09:48:30,9.05,321,290505,-1
09:48:27,9.05,483,437115,-1
09:48:24,9.05,22,19910,-1
09:48:21,9.05,382,345710,-1
09:48:18,9.05,55,49775,-1
09:48:15,9.05,331,299555,-1
09:48:12,9.06,290,262740,1
09:48:09,9.06,27,24462,1
09:48:06,9.06,75,67950,1
09:48:03,9.06,135,122310,1
09:48:00,9.06,1476,1337419,-1
09:47:57,9.07,538,488709,1
09:47:54,9.06,18,16308,-1
09:47:51,9.07,62,56234,1
09:47:48,9.07,56,50792,1
09:47:45,9.07,832,754624,-1
09:47:42,9.07,144,130608,-1
09:47:39,9.07,28,25396,-1
09:47:36,9.07,10,9070,-1
09:47:33,9.07,43,39001,-1
09:47:30,9.08,69,62652,1
09:47:27,9.07,35,31745,-1
09:47:21,9.08,3,2724,1
09:47:18,9.08,420,381360,-1
09:47:15,9.09,16,14544,1
09:47:12,9.08,1,908,-1
09:47:06,9.08,417,378636,1
09:47:03,9.07,1119,1014933,-1
09:47:00,9.07,68,61676,-1
09:46:57,9.08,72,65376,1
09:46:54,9.08,114,103512,1
09:46:51,9.08,61,55388,1
09:46:48,9.08,30,27240,1
09:46:45,9.08,14,12712,1
09:46:42,9.07,248,224936,-1
09:46:39,9.07,60,54420,-1
09:46:36,9.07,3,2721,-1
09:46:33,9.08,46,41768,1
09:46:30,9.08,127,115316,1
09:46:27,9.08,114,103512,-1
09:46:24,9.08,146,132568,-1
09:46:18,9.08,15,13620,-1
09:46:15,9.09,12,10908,1
09:46:12,9.09,78,70902,1
09:46:09,9.08,20,18160,0
09:46:06,9.07,10,9070,-1
09:46:03,9.08,79,71732,-1
09:46:00,9.08,92,83536,-1
09:45:57,9.09,51,46359,1
09:45:54,9.08,752,682816,-1
09:45:48,9.1,33,30030,1
09:45:45,9.09,36,32724,0
09:45:42,9.1,59,53690,1
09:45:39,9.09,1310,1190790,-1
09:45:36,9.1,20,18200,1
09:45:33,9.09,63,57267,-1
09:45:27,9.1,121,110110,1
09:45:24,9.1,17,15470,1
09:45:21,9.1,263,239330,-1
09:45:18,9.11,12,10932,1
09:45:15,9.1,14,12740,-1
09:45:09,9.1,86,78260,-1
09:45:06,9.11,4,3644,1
09:45:00,9.1,27,24570,-1
09:44:57,9.1,120,109200,-1
09:44:54,9.11,116,105676,0
09:44:51,9.11,15,13665,-1
09:44:48,9.11,95,86545,1
09:44:39,9.11,6,5466,1
09:44:36,9.11,10,9110,1
09:44:33,9.11,5,4555,1
09:44:24,9.11,430,391730,-1
09:44:21,9.11,11,10021,-1
09:44:18,9.12,48,43775,1
09:44:15,9.11,82,74702,-1
09:44:12,9.11,302,275122,1
09:44:09,9.1,70,63700,-1
09:44:06,9.1,20,18200,-1
09:44:03,9.1,80,72800,-1
09:43:57,9.1,20,18200,0
09:43:51,9.09,541,491769,-1
09:43:48,9.1,55,50050,1
09:43:45,9.09,100,90900,-1
09:43:42,9.1,159,144690,1
09:43:39,9.1,17,15470,1
09:43:36,9.1,3,2730,1
09:43:30,9.09,418,379962,-1
09:43:27,9.09,16,14544,-1
09:43:24,9.1,47,42770,1
09:43:15,9.09,20,18180,-1
09:43:12,9.09,120,109080,-1
09:43:09,9.09,55,49995,-1
09:43:03,9.08,63,57204,-1
09:42:57,9.08,257,233356,-1
09:42:54,9.09,62,56358,1
09:42:51,9.09,205,186345,1
09:42:48,9.08,20,18160,-1
09:42:45,9.09,10,9090,1
09:42:42,9.09,85,77265,1
09:42:39,9.09,98,89082,1
09:42:33,9.08,14,12712,-1
09:42:30,9.08,233,211564,-1
09:42:27,9.09,5,4545,1
09:42:24,9.08,40,36320,-1
09:42:18,9.08,78,70824,-1
09:42:15,9.09,37,33633,1
09:42:12,9.08,4,3632,-1
09:42:09,9.08,1139,1034212,1
09:42:06,9.08,229,207932,1
09:42:03,9.07,110,99770,-1
09:42:00,9.07,14,12698,-1
09:41:57,9.07,1,907,-1
09:41:54,9.07,305,276635,-1
09:41:51,9.08,40,36320,1
09:41:48,9.07,538,487966,-1
09:41:45,9.08,9,8172,1
09:41:42,9.08,85,77180,1
09:41:39,9.07,133,120631,-1
09:41:36,9.08,7,6356,1
09:41:33,9.08,5,4540,1
09:41:30,9.07,437,396359,-1
09:41:27,9.07,1236,1121052,-1
09:41:24,9.08,35,31780,-1
09:41:21,9.08,364,330512,-1
09:41:18,9.08,22,19976,-1
09:41:15,9.08,162,147096,-1
09:41:12,9.08,26,23608,1
09:41:09,9.08,193,175244,-1
09:41:06,9.08,136,123488,-1
09:41:03,9.08,51,46308,-1
09:41:00,9.08,105,95340,-1
09:40:57,9.08,10,9080,-1
09:40:54,9.08,593,538444,-1
09:40:48,9.08,63,57204,-1
09:40:42,9.09,277,251793,-1
09:40:39,9.09,209,189981,-1
09:40:36,9.09,332,301788,-1
09:40:33,9.09,118,107262,-1
09:40:30,9.1,135,122850,1
09:40:27,9.09,30,27270,-1
09:40:24,9.1,52,47320,1
09:40:21,9.1,37,33670,1
09:40:18,9.1,568,516880,-1
09:40:15,9.11,51,46461,1
09:40:12,9.1,6,5460,-1
09:40:09,9.11,153,139383,-1
09:40:06,9.12,206,187871,1
09:40:03,9.11,51,46461,-1
09:40:00,9.11,370,337070,-1
09:39:54,9.12,6,5471,1
09:39:51,9.12,12,10943,1
09:39:48,9.12,20,18240,1
09:39:45,9.11,49,44639,-1
09:39:42,9.12,489,445967,-1
09:39:39,9.13,93,84909,1
09:39:36,9.13,115,104995,1
09:39:33,9.12,31,28271,-1
09:39:30,9.12,25,22799,-1
09:39:27,9.13,46,41998,1
09:39:21,9.12,18,16416,0
09:39:18,9.13,5,4565,1
09:39:15,9.13,105,95865,1
09:39:09,9.12,163,148656,-1
09:39:06,9.12,31,28271,-1
09:39:03,9.12,21,19152,-1
09:39:00,9.12,156,142272,1
09:38:57,9.11,30,27330,-1
09:38:54,9.12,18,16416,1
09:38:51,9.12,101,92111,1
09:38:48,9.11,4,3644,-1
09:38:42,9.12,48,43775,1
09:38:36,9.11,21,19131,-1
09:38:33,9.13,250,228250,1
09:38:30,9.11,318,289698,1
09:38:27,9.11,215,195865,1
09:38:24,9.11,64,58304,-1
09:38:21,9.12,1554,1417247,1
09:38:18,9.11,59,53749,-1
09:38:15,9.12,78,71136,1
09:38:12,9.12,76,69312,1
09:38:09,9.11,29,26419,-1
09:38:06,9.12,202,184223,-1
09:38:03,9.12,154,140448,1
09:38:00,9.12,130,118559,1
09:37:57,9.12,509,464207,1
09:37:54,9.12,41,37392,1
09:37:51,9.12,19,17328,1
09:37:48,9.11,675,614925,-1
09:37:45,9.11,3,2733,-1
09:37:42,9.11,5,4555,-1
09:37:39,9.11,33,30062,-1
09:37:36,9.11,10,9110,-1
09:37:27,9.12,12,10943,1
09:37:24,9.11,14,12754,0
09:37:21,9.1,25,22750,-1
09:37:18,9.1,7,6370,-1
09:37:15,9.1,237,215670,-1
09:37:12,9.1,54,49140,-1
09:37:09,9.1,191,173810,-1
09:37:06,9.1,15,13650,-1
