timestamp,price,volume,turnover,direction
15:00:03,9.73,14317,13930441,1
14:57:03,9.73,53,51569,1
14:57:00,9.72,430,417960,-1
14:56:57,9.73,224,217952,1
14:56:54,9.72,427,415044,-1
14:56:51,9.72,314,305208,-1
14:56:48,9.72,461,448092,-1
14:56:45,9.73,446,433958,1
14:56:42,9.72,84,81648,-1
14:56:39,9.72,421,409212,-1
14:56:36,9.72,74,71928,-1
14:56:33,9.73,168,163464,1
14:56:30,9.72,2275,2212252,1
14:56:27,9.72,141,137052,1
14:56:24,9.72,442,429643,-1
14:56:21,9.72,210,204120,-1
14:56:18,9.72,155,150660,-1
14:56:15,9.73,1114,1083922,1
14:56:12,9.72,965,938932,1
14:56:09,9.72,460,447120,1
14:56:06,9.71,38,36898,-1
14:56:03,9.72,166,161352,1
14:56:00,9.72,1126,1094472,1
14:55:57,9.72,425,413100,1
14:55:54,9.72,139,135108,1
14:55:51,9.72,484,470448,1
14:55:48,9.71,157,152447,-1
14:55:45,9.71,185,179635,-1
14:55:42,9.71,33,32043,-1
14:55:39,9.71,202,196142,-1
14:55:36,9.71,122,118462,-1
14:55:33,9.72,2722,2645784,1
14:55:30,9.71,240,233040,1
14:55:27,9.71,444,431124,1
14:55:24,9.71,1661,1612831,-1
14:55:21,9.71,99,96129,-1
14:55:18,9.71,46,44666,-1
14:55:15,9.72,134,130248,1
14:55:12,9.72,179,173988,1
14:55:09,9.72,256,248832,1
14:55:06,9.72,1145,1112940,1
14:55:03,9.72,266,258552,1
14:55:00,9.72,214,208008,1
14:54:57,9.72,132,128304,1
14:54:54,9.71,203,197113,-1
14:54:51,9.72,260,252720,1
14:54:48,9.72,96,93312,1
14:54:45,9.72,760,738720,1
14:54:42,9.71,59,57289,-1
14:54:39,9.72,30,29160,1
14:54:36,9.72,722,701784,1
14:54:33,9.72,459,446148,1
14:54:30,9.71,261,254392,0
14:54:27,9.72,405,393660,1
14:54:24,9.72,39,37908,1
14:54:21,9.71,661,641831,-1
14:54:18,9.71,111,107781,-1
14:54:15,9.71,109,105839,-1
14:54:12,9.72,506,491832,1
14:54:09,9.71,1325,1286575,1
14:54:06,9.7,20,19400,-1
14:54:03,9.71,541,525311,1
14:54:00,9.71,24,23304,1
14:53:57,9.71,29,28159,1
14:53:54,9.7,97,94090,-1
14:53:48,9.71,12,11652,1
14:53:45,9.71,379,368009,1
14:53:42,9.71,124,120404,1
14:53:39,9.71,144,139824,1
14:53:36,9.71,51,49521,1
14:53:33,9.71,80,77680,0
14:53:30,9.72,196,190512,1
14:53:27,9.72,224,217728,1
14:53:24,9.71,263,255373,-1
14:53:21,9.72,67,65124,1
14:53:18,9.71,122,118462,-1
14:53:15,9.71,418,405878,-1
14:53:12,9.71,180,174780,-1
14:53:09,9.71,206,200026,-1
14:53:06,9.71,176,170896,-1
14:53:03,9.72,67,65124,1
14:53:00,9.71,340,330140,-1
14:52:57,9.71,1344,1305024,1
14:52:54,9.71,365,354415,-1
14:52:51,9.72,830,806760,1
14:52:48,9.71,123,119433,-1
14:52:45,9.71,265,257315,-1
14:52:42,9.71,124,120404,-1
14:52:39,9.71,197,191287,-1
14:52:36,9.71,26,25246,-1
14:52:33,9.71,129,125259,-1
14:52:30,9.71,21,20391,-1
14:52:27,9.71,125,121375,-1
14:52:24,9.71,436,423356,-1
14:52:21,9.71,160,155360,1
14:52:18,9.71,211,204881,1
14:52:15,9.71,244,236924,1
14:52:12,9.71,96,93216,1
14:52:09,9.71,224,217504,1
14:52:06,9.71,1109,1076839,1
14:52:03,9.7,563,546110,-1
14:52:00,9.7,173,167810,-1
14:51:57,9.71,830,805930,1
14:51:54,9.7,215,208549,-1
14:51:51,9.7,28,27159,-1
14:51:48,9.7,14,13579,-1
14:51:45,9.7,266,258660,1
14:51:42,9.7,1993,1933209,1
14:51:39,9.7,774,750780,1
14:51:36,9.7,1039,1007829,1
14:51:33,9.7,158,153260,1
14:51:30,9.7,160,155200,1
14:51:27,9.7,25,24250,1
14:51:24,9.7,292,283240,1
14:51:21,9.7,83,80510,1
14:51:18,9.7,205,198849,1
14:51:15,9.7,557,540290,1
14:51:12,9.69,39,37791,-1
14:51:09,9.7,110,106699,1
14:51:06,9.7,46,44620,1
14:51:03,9.7,39,37830,1
14:51:00,9.69,10,9690,-1
14:50:54,9.7,1,969,1
14:50:51,9.7,53,51409,1
14:50:48,9.7,349,338530,1
14:50:45,9.7,14,13579,1
14:50:42,9.7,117,113489,1
14:50:39,9.69,34,32946,-1
14:50:36,9.69,36,34884,-1
14:50:33,9.69,35,33915,-1
14:50:30,9.69,95,92055,-1
14:50:27,9.69,30,29070,-1
14:50:24,9.69,2,1938,-1
14:50:21,9.69,1169,1133613,1
14:50:15,9.68,222,214896,-1
14:50:12,9.69,2,1938,1
14:50:09,9.69,126,122094,1
14:50:06,9.68,5,4840,-1
14:50:03,9.68,95,91960,-1
14:50:00,9.69,14,13566,1
14:49:57,9.68,234,226512,-1
14:49:54,9.68,335,324280,-1
14:49:51,9.68,154,149072,-1
14:49:48,9.69,16,15504,1
14:49:45,9.69,34,32946,1
14:49:42,9.68,148,143264,-1
14:49:39,9.69,43,41667,1
14:49:36,9.68,7,6776,-1
14:49:33,9.69,115,111435,1
14:49:30,9.69,267,258723,1
14:49:27,9.69,5,4845,1
14:49:24,9.68,238,230384,-1
14:49:21,9.68,1,968,-1
14:49:15,9.68,69,66792,-1
14:49:12,9.69,56,54264,1
14:49:09,9.68,68,65824,-1
14:49:06,9.68,441,426888,-1
14:49:03,9.69,74,71706,1
14:49:00,9.69,352,341088,1
14:48:57,9.69,21,20349,1
14:48:54,9.69,30,29070,1
14:48:51,9.68,92,89056,-1
14:48:48,9.68,6,5808,-1
14:48:45,9.69,6,5814,1
14:48:42,9.68,296,286528,-1
14:48:39,9.68,100,96800,-1
14:48:36,9.68,8,7744,-1
14:48:33,9.69,89,86241,1
14:48:30,9.68,179,173272,-1
14:48:27,9.68,68,65824,-1
14:48:24,9.69,123,119187,1
14:48:21,9.69,60,58140,1
14:48:18,9.69,339,328491,1
14:48:15,9.69,1,969,1
14:48:12,9.69,466,451554,1
14:48:09,9.69,18,17442,1
14:48:06,9.68,138,133584,-1
14:48:03,9.69,370,358530,1
14:48:00,9.68,18,17424,-1
14:47:57,9.69,47,46463,1
14:47:54,9.69,528,511632,1
14:47:51,9.69,106,102714,1
14:47:48,9.68,230,222640,-1
14:47:45,9.69,339,328491,1
14:47:42,9.68,270,261360,-1
14:47:39,9.68,391,378488,-1
14:47:33,9.68,56,54208,-1
14:47:30,9.68,217,210056,-1
14:47:27,9.68,86,83248,-1
14:47:24,9.68,75,72600,-1
14:47:21,9.68,279,270072,-1
14:47:18,9.68,49,47432,-1
14:47:15,9.68,3,2904,-1
14:47:12,9.68,44,42592,-1
14:47:09,9.69,135,130815,1
14:47:06,9.69,27,26163,1
14:47:03,9.69,89,86241,1
14:47:00,9.68,433,419144,-1
14:46:57,9.69,44,42636,-1
14:46:54,9.69,57,55233,-1
14:46:51,9.69,158,153102,1
14:46:48,9.68,809,783112,-1
14:46:45,9.68,34,32912,-1
14:46:42,9.69,116,112404,1
14:46:39,9.69,50,48450,1
14:46:36,9.69,118,114342,1
14:46:33,9.68,165,159720,-1
14:46:30,9.69,190,184110,-1
14:46:27,9.69,269,260661,1
14:46:24,9.69,276,267444,-1
14:46:21,9.69,158,153102,-1
14:46:18,9.7,1052,1020439,1
14:46:15,9.7,90,87300,1
14:46:12,9.69,895,867255,-1
14:46:09,9.7,40,38800,1
14:46:06,9.69,25,24225,-1
14:46:03,9.7,170,164900,1
14:46:00,9.69,346,335274,-1
14:45:57,9.7,137,132890,1
14:45:54,9.69,142,137598,-1
14:45:51,9.69,5,4845,-1
14:45:48,9.7,65,63049,1
14:45:45,9.69,8,7752,-1
14:45:42,9.7,5,4850,1
14:45:39,9.69,26,25194,-1
14:45:36,9.69,3,2907,-1
14:45:33,9.7,330,320100,1
14:45:30,9.69,34,32946,-1
14:45:27,9.69,25,24225,-1
14:45:24,9.7,256,248319,1
14:45:21,9.69,170,164730,-1
14:45:18,9.69,243,235467,-1
14:45:15,9.69,103,99807,-1
14:45:12,9.7,372,360840,1
14:45:09,9.7,253,245409,1
14:45:06,9.7,39,37830,1
14:45:03,9.7,40,38800,1
14:45:00,9.7,50,48500,1
14:44:57,9.7,176,170720,1
14:44:54,9.69,344,333336,-1
14:44:51,9.7,328,318160,1
14:44:48,9.7,101,98183,-1
14:44:45,9.7,245,237649,-1
14:44:42,9.7,113,109609,-1
14:44:39,9.7,290,281300,-1
14:44:33,9.7,14,13579,-1
14:44:30,9.7,39,37830,-1
14:44:27,9.7,787,763390,-1
14:44:24,9.7,48,46560,-1
14:44:21,9.7,534,517979,-1
14:44:18,9.71,447,434037,1
14:44:15,9.7,284,275480,-1
14:44:12,9.7,70,67900,-1
14:44:09,9.7,77,74690,-1
14:44:06,9.7,663,643110,-1
14:44:03,9.7,584,567236,1
14:44:00,9.7,168,162960,1
14:43:57,9.7,219,212429,1
14:43:54,9.69,336,325584,-1
14:43:51,9.7,20,19400,1
14:43:48,9.7,136,131920,1
14:43:45,9.69,50,48450,-1
14:43:42,9.7,750,727500,1
14:43:39,9.7,203,196910,1
14:43:36,9.7,116,112519,1
14:43:33,9.7,4,3879,1
14:43:30,9.7,330,320313,-1
14:43:27,9.71,264,256344,1
14:43:24,9.7,143,138710,-1
14:43:21,9.7,206,199819,-1
14:43:18,9.7,614,595580,-1
14:43:15,9.7,143,138710,-1
14:43:12,9.7,118,114459,-1
14:43:09,9.7,346,335620,-1
14:43:06,9.7,90,87300,-1
14:43:03,9.71,292,283532,1
14:43:00,9.7,652,632440,-1
14:42:57,9.71,824,800104,1
14:42:54,9.71,259,251489,1
14:42:51,9.72,222,215784,1
14:42:48,9.7,345,334659,-1
14:42:45,9.72,580,563760,1
14:42:42,9.71,1582,1537083,-1
14:42:39,9.72,77,74844,1
14:42:36,9.72,632,614304,1
14:42:33,9.71,879,853509,-1
14:42:30,9.72,98,95256,1
14:42:27,9.73,1192,1159816,1
14:42:24,9.72,887,862164,-1
14:42:21,9.72,125,121500,-1
14:42:18,9.72,1646,1599912,1
14:42:15,9.72,1109,1077948,-1
14:42:12,9.73,790,768670,1
14:42:09,9.72,973,945756,1
14:42:06,9.72,583,566676,1
14:42:03,9.72,15,14580,1
14:42:00,9.72,893,867996,1
14:41:57,9.72,341,331452,1
14:41:54,9.71,890,864190,1
14:41:51,9.71,165,160215,1
14:41:48,9.71,159,154389,1
14:41:45,9.71,5,4855,1
14:41:42,9.7,105,101849,-1
14:41:39,9.7,1146,1112376,1
14:41:36,9.7,592,574240,1
14:41:33,9.7,1341,1300770,1
14:41:30,9.7,364,353080,1
14:41:27,9.69,32,31008,-1
14:41:24,9.69,72,69768,-1
14:41:21,9.7,868,841959,1
14:41:18,9.69,1052,1019388,1
14:41:15,9.69,570,552330,1
14:41:12,9.69,625,605625,1
14:41:09,9.68,260,251680,-1
14:41:06,9.69,843,816867,1
14:41:03,9.68,766,741488,1
14:41:00,9.68,2,1936,1
14:40:57,9.68,766,741488,1
14:40:54,9.67,55,53185,-1
14:40:51,9.67,40,38680,-1
14:40:48,9.68,108,104544,1
14:40:45,9.67,48,46416,1
14:40:42,9.68,1007,974776,1
14:40:39,9.67,18,17406,-1
14:40:36,9.68,193,186824,1
14:40:33,9.67,286,276562,1
14:40:30,9.67,140,135380,1
14:40:27,9.66,220,212520,-1
14:40:24,9.66,233,225078,-1
14:40:21,9.67,281,271727,-1
14:40:18,9.68,94,90992,1
14:40:15,9.67,642,620814,-1
14:40:12,9.67,158,152786,-1
14:40:09,9.68,181,175208,1
14:40:06,9.67,239,231113,-1
14:40:03,9.68,2,1936,1
14:40:00,9.68,105,101640,1
14:39:57,9.67,260,251420,-1
14:39:54,9.68,40,38720,1
14:39:51,9.68,241,233288,1
14:39:48,9.67,54,52218,-1
14:39:45,9.67,515,498005,-1
14:39:42,9.67,196,189532,-1
14:39:39,9.68,61,59048,1
14:39:36,9.68,240,232320,1
14:39:33,9.67,807,780369,-1
14:39:30,9.68,301,291368,1
14:39:27,9.68,168,162624,1
14:39:24,9.68,337,326216,1
14:39:21,9.67,5,4835,-1
14:39:18,9.68,252,243936,1
14:39:15,9.68,444,429792,1
14:39:12,9.67,118,114106,-1
14:39:09,9.67,25,24175,-1
14:39:06,9.68,41,39688,1
14:39:03,9.67,229,221443,-1
14:39:00,9.68,824,797632,1
14:38:57,9.66,31,29946,-1
14:38:54,9.67,504,487368,1
14:38:51,9.67,472,456424,1
14:38:48,9.66,111,107226,-1
14:38:45,9.66,661,638526,-1
14:38:42,9.66,165,159390,1
14:38:39,9.67,153,147951,1
14:38:36,9.66,27,26082,1
14:38:33,9.66,137,132342,1
14:38:30,9.66,280,270480,1
14:38:27,9.66,95,91770,1
14:38:24,9.66,88,85008,-1
14:38:21,9.66,141,136206,-1
14:38:18,9.66,292,282072,-1
14:38:15,9.67,90,87030,1
14:38:12,9.66,30,28980,-1
14:38:09,9.66,45,43470,-1
14:38:06,9.67,77,74459,1
14:38:03,9.66,63,60858,-1
14:38:00,9.67,205,198235,1
14:37:57,9.66,190,183540,1
14:37:54,9.66,781,754446,-1
14:37:51,9.66,80,77280,1
14:37:48,9.66,7,6762,1
14:37:45,9.67,2467,2385589,1
14:37:42,9.67,116,112172,1
14:37:39,9.66,590,569940,-1
14:37:36,9.66,316,305256,-1
14:37:33,9.67,299,289133,1
14:37:30,9.67,44,42548,1
14:37:27,9.66,144,139104,-1
14:37:24,9.67,142,137314,0
14:37:21,9.68,190,183920,1
14:37:18,9.67,177,171159,-1
14:37:15,9.67,251,242717,-1
14:37:12,9.68,144,139392,1
14:37:09,9.67,670,647899,-1
14:37:06,9.68,241,233288,1
14:37:03,9.68,292,282656,1
14:37:00,9.68,197,190696,1
14:36:57,9.67,367,354889,-1
14:36:54,9.67,293,283331,-1
14:36:51,9.67,256,248509,1
14:36:48,9.67,206,199202,1
14:36:45,9.66,830,801780,1
14:36:42,9.66,118,113988,-1
14:36:39,9.67,297,287199,1
14:36:36,9.66,269,259854,-1
14:36:33,9.66,49,47334,-1
14:36:30,9.66,152,146832,-1
14:36:27,9.66,43,41538,-1
14:36:24,9.67,5543,5360081,1
14:36:21,9.63,130,125190,-1
14:36:18,9.63,209,202220,-1
14:36:15,9.64,145,139780,1
14:36:12,9.63,26,25038,-1
14:36:09,9.64,59,57724,1
14:36:06,9.63,35,33705,1
14:36:03,9.63,127,122301,1
14:36:00,9.63,94,90522,1
14:35:57,9.63,603,580689,1
14:35:54,9.62,20,19240,-1
14:35:51,9.62,77,74074,-1
14:35:48,9.62,100,96199,-1
14:35:45,9.62,396,380951,1
14:35:42,9.62,45,43290,1
14:35:39,9.62,32,30783,1
14:35:36,9.62,15,14429,1
14:35:33,9.62,13,12505,1
14:35:30,9.62,15,14429,1
14:35:27,9.61,111,106671,-1
14:35:24,9.62,44,42328,1
14:35:21,9.62,95,91389,1
14:35:18,9.62,58,55795,1
14:35:15,9.62,128,123135,1
14:35:12,9.62,50,48099,1
14:35:09,9.62,96,92351,1
14:35:06,9.62,5,4810,1
14:35:00,9.62,578,556949,1
14:34:57,9.61,194,186434,1
14:34:54,9.61,297,285417,1
14:34:45,9.6,1317,1265097,1
14:34:42,9.6,109,104640,1
14:34:33,9.59,31,29729,-1
14:34:30,9.59,1,959,-1
14:34:27,9.59,115,110285,-1
14:34:24,9.59,928,889952,1
14:34:21,9.59,24,23016,1
14:34:18,9.59,67,64253,1
14:34:15,9.59,229,219611,1
14:34:09,9.59,20,19180,1
14:34:06,9.59,234,224406,1
14:34:03,9.58,108,103464,-1
14:33:57,9.58,95,91010,-1
14:33:54,9.58,70,67060,-1
14:33:51,9.59,60,57540,1
14:33:45,9.59,117,112203,1
14:33:42,9.58,119,114002,-1
14:33:39,9.58,87,83346,-1
14:33:36,9.58,988,946504,-1
14:33:33,9.59,31,29729,1
14:33:30,9.59,15,14385,1
14:33:27,9.58,25,23950,-1
14:33:24,9.59,275,263725,1
14:33:21,9.58,642,615036,-1
14:33:18,9.59,30,28770,1
14:33:15,9.58,101,96758,-1
14:33:12,9.59,1,959,1
14:33:06,9.59,6,5754,1
14:33:03,9.59,64,61376,1
14:33:00,9.59,578,554302,1
14:32:57,9.59,1,959,1
14:32:54,9.59,15,14385,1
14:32:48,9.58,65,62270,1
14:32:45,9.57,42,40194,-1
14:32:42,9.57,18,17226,-1
14:32:39,9.58,147,140826,1
14:32:36,9.58,95,91010,1
14:32:33,9.57,59,56463,-1
14:32:30,9.58,580,555640,1
14:32:27,9.57,40,38280,-1
14:32:21,9.58,77,73766,1
14:32:18,9.57,46,44022,-1
14:32:15,9.58,20,19160,1
14:32:12,9.58,4,3832,1
14:32:09,9.57,39,37323,-1
14:32:06,9.58,10,9580,1
14:32:03,9.57,7,6699,-1
14:32:00,9.58,217,207886,1
14:31:57,9.58,119,114002,1
14:31:54,9.57,176,168432,-1
14:31:51,9.57,19,18183,-1
14:31:48,9.57,31,29667,-1
14:31:45,9.57,74,70818,-1
14:31:39,9.57,40,38280,-1
14:31:36,9.57,141,134937,-1
14:31:33,9.57,91,87087,-1
14:31:30,9.58,26,24908,1
14:31:27,9.58,161,154238,1
14:31:24,9.58,2,1916,1
14:31:21,9.58,260,249080,1
14:31:18,9.58,100,95800,1
14:31:15,9.58,30,28740,1
14:31:12,9.58,27,25866,1
14:31:09,9.58,513,491454,1
14:31:06,9.57,86,82302,-1
14:31:03,9.57,696,666072,-1
14:31:00,9.58,10,9580,1
14:30:57,9.58,568,544144,1
14:30:54,9.57,65,62205,-1
14:30:51,9.58,15,14370,1
14:30:48,9.58,34,32572,1
14:30:45,9.58,30,28740,1
14:30:42,9.57,949,908193,-1
14:30:39,9.58,100,95800,1
14:30:36,9.58,5,4790,1
14:30:33,9.58,95,91010,1
14:30:30,9.58,87,83346,1
14:30:27,9.58,35,33530,1
14:30:24,9.58,20,19160,1
14:30:21,9.58,110,105380,1
14:30:18,9.58,135,129330,1
14:30:15,9.58,46,44068,1
14:30:12,9.58,422,404276,-1
14:30:09,9.59,64,61376,1
14:30:03,9.58,10,9580,-1
14:30:00,9.58,66,63228,1
14:29:57,9.58,37,35446,1
14:29:54,9.57,51,48807,-1
14:29:51,9.58,55,52690,1
14:29:48,9.58,174,166692,1
14:29:45,9.58,29,27782,1
14:29:42,9.58,29,27782,1
14:29:39,9.58,18,17244,1
14:29:36,9.58,101,96758,1
14:29:33,9.58,199,190642,1
14:29:30,9.58,450,431100,1
14:29:27,9.57,20,19140,-1
14:29:24,9.58,100,95800,1
14:29:21,9.58,28,26824,1
14:29:18,9.58,7,6706,1
14:29:15,9.58,40,38320,1
14:29:12,9.57,30,28710,-1
14:29:09,9.58,31,29698,1
14:29:03,9.58,100,95800,1
14:29:00,9.57,117,111969,-1
14:28:48,9.58,30,28740,1
14:28:45,9.57,200,191400,-1
14:28:36,9.58,2,1916,1
14:28:27,9.57,185,177045,-1
14:28:21,9.57,23,22011,-1
14:28:09,9.58,10,9580,0
14:28:06,9.57,32,30624,-1
14:28:03,9.57,6,5742,-1
14:28:00,9.58,36,34488,-1
14:27:57,9.58,177,169566,1
14:27:54,9.58,6,5748,1
14:27:51,9.57,14,13398,-1
14:27:48,9.58,209,200222,1
14:27:39,9.58,80,76640,1
14:27:36,9.58,2,1916,1
14:27:27,9.58,24,22992,1
14:27:24,9.58,168,160944,-1
14:27:18,9.59,56,53704,1
14:27:12,9.58,16,15328,-1
14:27:03,9.58,149,142742,-1
14:26:54,9.59,7,6713,1
14:26:42,9.59,76,72884,1
14:26:39,9.58,103,98674,-1
14:26:33,9.59,54,51786,1
14:26:24,9.59,3,2877,1
14:26:21,9.58,10,9580,-1
14:26:15,9.59,10,9590,1
14:26:12,9.58,180,172440,-1
14:26:09,9.59,2,1918,1
14:26:06,9.58,33,31614,-1
14:26:03,9.58,1,958,-1
14:26:00,9.58,461,441638,-1
14:25:57,9.58,14,13412,-1
14:25:54,9.58,6,5748,-1
14:25:51,9.58,5,4790,-1
14:25:48,9.59,30,28770,1
14:25:45,9.59,28,26852,1
14:25:42,9.59,60,57540,1
14:25:39,9.58,45,43110,-1
14:25:33,9.59,11,10549,1
14:25:30,9.59,155,148645,1
14:25:27,9.58,90,86220,-1
14:25:18,9.58,14,13412,-1
14:25:15,9.58,241,230878,-1
14:25:12,9.59,98,93982,1
14:25:06,9.58,20,19160,-1
14:25:00,9.58,15,14370,-1
14:24:57,9.58,20,19160,-1
14:24:54,9.58,37,35446,-1
14:24:51,9.58,97,92926,1
14:24:48,9.58,66,63228,1
14:24:45,9.58,23,22034,1
14:24:42,9.58,56,53648,1
14:24:33,9.58,113,108254,1
14:24:18,9.58,18,17244,1
14:24:15,9.57,712,681384,-1
14:24:09,9.58,116,111128,-1
14:24:06,9.58,50,47900,-1
14:24:03,9.58,22,21076,-1
14:23:57,9.59,19,18221,1
14:23:54,9.58,9,8622,-1
14:23:48,9.59,42,40278,1
14:23:45,9.59,7,6713,1
14:23:39,9.58,29,27782,-1
14:23:36,9.58,138,132204,-1
14:23:33,9.59,7,6713,1
14:23:30,9.58,7,6706,-1
14:23:27,9.58,96,92887,1
14:23:24,9.58,220,210760,1
14:23:18,9.58,76,72808,1
14:23:12,9.57,19,18183,-1
14:23:09,9.57,50,47850,-1
14:23:06,9.57,66,63162,0
14:23:03,9.56,21,20076,-1
14:23:00,9.58,10,9580,1
14:22:57,9.56,90,86040,-1
14:22:54,9.58,406,388948,1
14:22:51,9.58,91,87178,1
14:22:48,9.58,260,249080,1
14:22:45,9.57,10,9570,-1
14:22:42,9.57,11,10527,-1
14:22:36,9.58,50,47900,1
14:22:33,9.57,5,4785,-1
14:22:30,9.58,16,15328,1
14:22:18,9.58,50,47900,0
14:22:15,9.56,11,10516,-1
14:22:12,9.58,10,9580,-1
14:22:09,9.57,32,30624,1
14:22:03,9.57,2117,2025969,-1
14:22:00,9.58,4,3832,-1
14:21:51,9.58,30,28740,-1
14:21:39,9.58,855,819090,1
14:21:33,9.57,30,28710,-1
14:21:15,9.58,10,9580,1
14:21:12,9.58,1,958,1
14:21:06,9.57,2,1914,-1
14:20:57,9.58,25,23950,1
14:20:54,9.57,1,957,-1
14:20:45,9.57,3,2871,-1
14:20:42,9.57,20,19140,-1
14:20:39,9.58,6,5748,1
14:20:33,9.57,2,1914,-1
14:20:30,9.58,5,4790,1
14:20:24,9.57,31,29667,-1
14:20:21,9.57,464,444048,1
14:20:18,9.56,11,10516,-1
14:20:09,9.56,26,24856,-1
14:20:00,9.56,5,4780,-1
14:19:57,9.57,5,4785,1
14:19:51,9.56,9,8604,-1
14:19:48,9.56,9,8604,-1
14:19:45,9.56,38,36328,-1
14:19:39,9.56,150,143400,-1
14:19:36,9.56,13,12428,-1
14:19:33,9.56,235,224660,-1
14:19:27,9.57,53,50721,1
14:19:24,9.57,135,129195,1
14:19:12,9.57,46,44022,1
14:19:09,9.56,70,66920,-1
14:19:06,9.57,14,13398,1
14:19:03,9.56,108,103248,-1
14:19:00,9.56,5,4780,-1
14:18:57,9.57,13,12441,1
14:18:54,9.56,35,33460,-1
14:18:48,9.56,119,113764,-1
14:18:39,9.57,50,47850,1
14:18:36,9.56,150,143400,-1
14:18:30,9.57,16,15312,1
14:18:24,9.56,76,72656,-1
14:18:18,9.56,1,956,-1
14:18:15,9.56,19,18164,-1
14:18:12,9.57,5,4785,1
14:18:09,9.57,26,24882,1
14:18:06,9.57,10,9570,1
14:18:03,9.57,1,957,1
14:18:00,9.57,424,405768,-1
14:17:57,9.57,40,38280,-1
14:17:48,9.58,62,59396,1
14:17:45,9.57,20,19140,-1
14:17:39,9.58,48,45984,1
14:17:36,9.57,35,33495,-1
14:17:33,9.57,1,957,-1
14:17:27,9.58,50,47900,1
14:17:24,9.57,38,36366,-1
14:17:18,9.57,3,2871,-1
14:17:15,9.58,141,135078,1
14:17:12,9.57,17,16269,-1
14:17:00,9.57,3,2871,-1
14:16:54,9.58,25,23950,1
14:16:51,9.57,263,251691,-1
14:16:48,9.57,25,23925,-1
14:16:45,9.58,129,123582,1
14:16:30,9.58,2,1916,1
14:16:27,9.57,6,5742,-1
14:16:21,9.58,3,2874,1
14:16:12,9.58,6,5748,1
14:16:09,9.58,10,9580,1
14:16:06,9.58,10,9580,1
14:16:03,9.58,56,53648,1
14:16:00,9.58,60,57480,1
14:15:57,9.58,60,57480,1
14:15:48,9.58,19,18202,1
14:15:42,9.58,5,4790,1
14:15:39,9.58,4,3832,1
14:15:33,9.58,15,14370,1
14:15:30,9.58,2,1916,1
14:15:27,9.58,515,493370,1
14:15:24,9.57,50,47850,-1
14:15:21,9.58,20,19160,1
14:15:12,9.57,2,1914,-1
14:15:09,9.57,1,957,-1
14:15:03,9.58,21,20118,1
14:14:51,9.57,3,2871,-1
14:14:48,9.58,21,20118,1
14:14:39,9.58,29,27782,1
14:14:30,9.57,18,17226,-1
14:14:27,9.58,8,7664,1
14:14:24,9.58,244,233752,-1
14:14:21,9.58,12,11496,-1
14:14:18,9.59,27,25893,1
14:14:15,9.58,100,95800,-1
14:14:12,9.58,99,94842,-1
14:14:06,9.58,179,171482,-1
14:13:57,9.58,36,34488,-1
14:13:48,9.58,3,2874,-1
14:13:24,9.58,10,9580,-1
14:13:18,9.59,70,67130,1
14:13:06,9.59,100,95900,1
14:12:48,9.58,2,1916,-1
14:12:45,9.58,14,13412,-1
14:12:36,9.59,5,4795,1
14:12:27,9.58,21,20118,-1
14:12:24,9.59,20,19180,1
14:12:12,9.58,6,5748,-1
14:12:09,9.59,755,724045,1
14:12:03,9.57,6,5742,-1
14:11:51,9.57,6,5742,-1
14:11:48,9.57,5,4785,-1
14:11:45,9.58,76,72808,1
14:11:36,9.58,37,35446,1
14:11:30,9.58,5,4790,1
14:11:24,9.58,30,28740,1
14:11:18,9.57,6,5742,-1
14:11:15,9.57,5,4785,-1
14:11:12,9.58,78,74724,1
14:11:09,9.58,10,9580,1
14:11:03,9.57,7,6699,-1
14:11:00,9.58,200,191600,1
14:10:54,9.58,7,6706,1
14:10:51,9.58,2,1916,1
14:10:48,9.58,30,28740,1
14:10:45,9.58,3,2874,1
14:10:39,9.58,46,44068,1
14:10:36,9.57,7,6699,-1
14:10:33,9.58,92,88136,1
14:10:30,9.58,418,400444,-1
14:10:27,9.59,10,9590,1
14:10:24,9.59,41,39319,1
14:10:15,9.59,8,7672,1
14:10:06,9.59,10,9590,1
14:10:00,9.59,10,9590,1
14:09:57,9.58,1,958,-1
14:09:54,9.58,60,57480,-1
14:09:51,9.58,10,9580,-1
14:09:45,9.58,1,958,-1
14:09:42,9.58,79,75682,-1
14:09:36,9.58,52,49816,-1
14:09:24,9.59,8,7672,1
14:09:21,9.58,2,1916,-1
14:09:18,9.59,5,4795,1
14:09:15,9.59,8,7672,1
14:09:12,9.59,9,8631,1
14:09:03,9.59,11,10549,1
14:09:00,9.59,141,135219,-1
14:08:57,9.59,10,9590,0
14:08:54,9.6,50,48000,1
14:08:51,9.58,11,10538,-1
14:08:48,9.58,21,20118,-1
14:08:45,9.59,5,4795,1
14:08:42,9.6,51,48960,1
14:08:39,9.59,13,12639,-1
14:08:36,9.59,14,14212,1
14:08:33,9.59,35,33565,1
14:08:30,9.59,16,15344,1
14:08:27,9.59,260,249340,1
14:08:24,9.59,12,11508,1
14:08:18,9.59,10,9590,1
14:08:03,9.59,41,39319,1
14:08:00,9.58,12,11496,-1
14:07:54,9.59,513,491967,1
14:07:51,9.59,20,19180,1
14:07:48,9.58,55,52690,-1
14:07:42,9.58,613,587254,1
14:07:39,9.58,10,9580,1
14:07:33,9.57,30,28710,-1
14:07:27,9.58,40,38320,1
14:07:15,9.57,36,34452,-1
14:07:12,9.57,10,9570,-1
14:07:09,9.58,58,55564,1
14:07:06,9.57,46,44022,1
14:07:03,9.57,11,10527,-1
14:07:00,9.56,79,75524,-1
14:06:57,9.57,1,957,1
14:06:54,9.57,6,5742,-1
14:06:51,9.57,50,47850,-1
14:06:48,9.58,22,21076,1
14:06:39,9.57,3,2871,-1
14:06:33,9.58,101,96758,1
14:06:21,9.57,75,71775,1
14:06:18,9.57,176,168432,1
14:06:15,9.57,12,11484,1
14:06:12,9.57,5,4785,1
14:06:06,9.57,22,21054,1
14:06:03,9.57,65,62205,1
14:06:00,9.57,20,19140,1
14:05:57,9.57,53,50721,-1
14:05:51,9.58,20,19160,1
14:05:42,9.57,7,6699,1
14:05:33,9.57,143,136851,-1
14:05:27,9.57,3,2871,-1
14:05:18,9.57,6,5742,-1
14:05:15,9.57,1,957,-1
14:05:12,9.57,29,27753,1
14:05:09,9.57,274,262218,1
14:05:00,9.57,34,32538,1
14:04:45,9.56,36,34416,-1
14:04:39,9.57,5,4785,1
14:04:36,9.57,131,125367,1
14:04:33,9.57,20,19140,1
14:04:30,9.57,5,4785,1
14:04:27,9.57,10,9570,1
14:04:24,9.56,2,1912,-1
14:04:21,9.57,30,28710,1
14:04:12,9.57,8,7656,1
14:04:06,9.56,6,5736,-1
14:03:48,9.57,16,15312,1
14:03:45,9.56,331,316436,-1
14:03:36,9.56,27,25812,-1
14:03:33,9.57,49,46893,1
14:03:30,9.56,20,19120,-1
14:03:24,9.57,10,9570,1
14:03:21,9.57,17,16269,1
14:03:03,9.56,2,1912,-1
14:02:57,9.56,25,23900,-1
14:02:48,9.56,53,50668,-1
14:02:45,9.56,5,4780,-1
14:02:42,9.57,10,9570,1
14:02:39,9.57,92,88044,1
14:02:36,9.56,20,19120,-1
14:02:33,9.57,5,4785,1
14:02:15,9.57,12,11484,1
14:02:09,9.56,5,4780,-1
14:02:06,9.56,86,82216,-1
14:02:00,9.56,2,1912,-1
14:01:57,9.57,23,22011,1
14:01:51,9.56,50,47800,-1
14:01:39,9.57,301,288057,1
14:01:36,9.56,40,38240,-1
14:01:33,9.57,1,957,1
14:01:30,9.57,32,30624,1
14:01:21,9.57,5,4785,1
14:01:18,9.56,34,32504,-1
14:01:09,9.56,100,95600,-1
14:01:03,9.56,5,4780,-1
14:01:00,9.57,27,25839,1
14:00:39,9.56,2,1912,-1
14:00:36,9.57,20,19140,1
14:00:33,9.57,19,18183,1
14:00:21,9.57,20,19140,1
14:00:18,9.56,126,120456,-1
14:00:15,9.57,135,129195,1
14:00:12,9.56,300,286800,-1
14:00:09,9.57,250,239250,1
14:00:06,9.56,3,2868,-1
14:00:00,9.56,100,95600,-1
13:59:57,9.56,40,38240,-1
13:59:54,9.56,73,69807,1
13:59:51,9.56,76,73592,-1
13:59:48,9.56,10,9560,-1
13:59:45,9.56,33,31548,-1
13:59:39,9.56,25,23900,-1
13:59:27,9.56,44,42064,-1
13:59:24,9.56,57,54511,1
13:59:21,9.56,5,4780,1
13:59:18,9.55,10,9550,-1
13:59:15,9.56,125,119500,1
13:59:12,9.56,15,14340,1
13:59:09,9.56,87,83172,1
13:59:06,9.56,20,19120,1
13:59:03,9.55,12,11460,-1
13:58:51,9.56,13,12428,1
13:58:42,9.56,60,57637,-1
13:58:39,9.57,32,30624,1
13:58:36,9.56,42,40152,-1
13:58:27,9.57,62,59334,1
13:58:18,9.56,44,42064,-1
13:58:15,9.56,15,14340,-1
13:58:12,9.56,2,1912,-1
13:58:09,9.56,200,191200,-1
13:58:06,9.57,3,2871,1
13:57:54,9.56,20,19120,-1
13:57:45,9.57,45,43065,1
13:57:39,9.57,1,957,1
13:57:30,9.57,80,76560,1
13:57:27,9.56,24,23622,1
13:57:18,9.56,474,453421,-1
13:57:12,9.56,36,34416,-1
13:57:09,9.57,2,1914,1
13:57:00,9.56,4,3824,-1
13:56:57,9.57,43,41151,-1
13:56:51,9.57,20,19140,0
13:56:42,9.56,610,583160,-1
13:56:39,9.58,5,4790,1
13:56:33,9.57,32,30624,-1
13:56:30,9.58,130,124540,1
13:56:27,9.58,9,8622,1
13:56:24,9.58,10,9580,1
13:56:21,9.57,51,48807,-1
13:56:12,9.58,74,70892,1
13:56:09,9.58,5,4790,1
13:56:06,9.57,2,1914,-1
13:55:57,9.57,2,1914,-1
13:55:54,9.58,6,5748,1
13:55:42,9.57,16,15991,1
13:55:39,9.57,21,20097,1
13:55:36,9.57,35,33495,1
13:55:24,9.57,40,38557,-1
13:55:21,9.57,18,17226,-1
13:55:18,9.57,3,3550,1
13:55:09,9.57,237,226809,1
13:55:06,9.56,43,41108,-1
13:55:00,9.56,1,956,-1
13:54:57,9.56,3,2868,-1
13:54:48,9.56,32,30592,-1
13:54:42,9.57,200,191400,1
13:54:39,9.56,108,103248,1
13:54:36,9.55,9,8595,-1
13:54:33,9.56,22,21032,1
13:54:30,9.56,14,13384,1
13:54:27,9.55,133,127015,-1
13:54:18,9.55,136,130156,-1
13:54:12,9.56,66,63774,1
13:54:09,9.56,96,91776,1
13:54:06,9.55,6,5730,-1
13:54:03,9.56,90,86040,1
13:54:00,9.56,25,23900,1
13:53:57,9.55,3,2865,-1
13:53:54,9.55,37,35335,-1
13:53:51,9.56,18,17208,1
13:53:45,9.55,240,229200,-1
13:53:42,9.56,384,367104,1
13:53:39,9.56,3,2868,1
13:53:36,9.55,50,47750,-1
13:53:33,9.56,42,40152,1
13:53:30,9.56,65,62140,1
13:53:21,9.56,125,119777,-1
13:53:18,9.57,2,1914,1
13:53:12,9.57,10,9570,1
13:53:09,9.57,10,9570,1
13:53:06,9.56,22,21032,-1
13:53:03,9.57,5,4785,1
13:53:00,9.57,140,133980,1
13:52:57,9.56,88,84128,-1
13:52:42,9.56,23,21988,-1
13:52:39,9.56,1,956,-1
13:52:36,9.56,50,47800,-1
13:52:30,9.56,9,8604,-1
13:52:24,9.56,1,956,-1
13:52:18,9.57,260,248820,1
13:52:12,9.57,109,104313,1
13:52:09,9.57,203,194271,1
13:52:06,9.56,300,286800,-1
13:52:03,9.56,3,2868,-1
13:52:00,9.56,9,8604,-1
13:51:54,9.57,106,101442,1
13:51:51,9.56,257,246351,-1
13:51:48,9.56,5,4780,-1
13:51:39,9.57,1,957,1
13:51:30,9.56,142,135752,-1
13:51:21,9.57,65,62205,1
13:51:18,9.56,8,7648,-1
13:51:12,9.56,149,142444,-1
13:51:06,9.56,20,19120,-1
13:51:00,9.57,40,38280,1
13:50:54,9.56,260,248560,-1
13:50:51,9.57,49,46893,1
13:50:45,9.57,3,2871,1
13:50:42,9.56,1,956,-1
13:50:39,9.57,96,91872,1
13:50:30,9.56,1,956,-1
13:50:24,9.56,1,956,-1
13:50:15,9.57,10,9570,1
13:50:09,9.57,100,95700,1
13:50:03,9.57,20,19140,1
13:50:00,9.56,20,19120,-1
13:49:54,9.57,20,19140,1
13:49:51,9.57,18,17226,1
13:49:48,9.56,100,95600,-1
13:49:45,9.56,4,3824,-1
13:49:42,9.57,40,38280,1
13:49:39,9.57,15,14355,1
13:49:33,9.57,20,19140,1
13:49:30,9.57,50,47850,1
13:49:27,9.56,254,243120,-1
13:49:24,9.58,70,67060,1
13:49:21,9.57,2,1914,-1
13:49:18,9.57,2,1914,-1
13:49:15,9.57,49,46893,-1
13:49:12,9.57,7,6699,-1
13:49:09,9.58,40,38320,1
13:49:00,9.57,155,148995,1
13:48:57,9.57,8,7656,1
13:48:54,9.57,17,16269,1
13:48:51,9.57,34,32834,-1
13:48:48,9.58,105,100590,1
13:48:45,9.58,40,38320,1
13:48:42,9.57,10,9570,-1
13:48:39,9.57,37,35409,-1
13:48:33,9.57,260,248820,-1
13:48:27,9.57,229,219813,1
13:48:24,9.56,190,181640,-1
13:48:21,9.57,100,95700,1
13:48:18,9.56,35,33460,-1
13:48:15,9.56,7,6692,-1
13:48:12,9.57,37,35409,1
13:48:06,9.57,51,48807,1
13:47:57,9.56,3,2887,-1
13:47:51,9.57,1,957,1
13:47:48,9.57,2,1914,1
13:47:42,9.57,5,4785,1
13:47:39,9.56,10,9560,-1
13:47:36,9.57,1,957,1
13:47:33,9.57,12,11484,1
13:47:27,9.57,19,18183,1
13:47:24,9.55,180,172243,-1
13:47:21,9.57,40,38280,1
13:47:15,9.56,32,31203,1
13:47:06,9.56,61,58316,1
13:47:03,9.56,10,9560,1
13:47:00,9.56,63,60228,-1
13:46:57,9.57,10,9570,1
13:46:54,9.56,2,1912,-1
13:46:51,9.57,1,957,1
13:46:48,9.56,36,34416,-1
13:46:45,9.56,5,4780,-1
13:46:42,9.56,25,23900,1
13:46:36,9.55,7,6685,-1
13:46:33,9.56,9,8604,1
13:46:27,9.56,1,956,1
13:46:21,9.55,59,56345,-1
13:46:18,9.56,10,9560,-1
13:46:12,9.56,34,32504,-1
13:46:09,9.56,1,956,-1
13:46:03,9.57,40,38280,1
13:45:57,9.55,31,29605,-1
13:45:54,9.56,13,12428,1
13:45:51,9.55,48,45840,-1
13:45:48,9.55,243,232065,-1
13:45:45,9.55,20,19100,-1
13:45:39,9.55,27,25785,-1
13:45:36,9.55,102,97410,1
13:45:33,9.55,127,121285,1
13:45:30,9.55,240,229200,1
13:45:27,9.54,91,86813,-1
13:45:18,9.55,53,50615,1
13:45:15,9.55,21,20055,1
13:45:12,9.55,10,9550,1
13:45:09,9.55,1,955,1
13:45:06,9.54,35,33390,-1
13:45:00,9.54,22,20987,-1
13:44:57,9.55,11,10505,1
13:44:51,9.54,56,53423,-1
13:44:45,9.55,10,9550,1
13:44:39,9.54,173,165041,-1
13:44:33,9.55,90,85950,1
13:44:30,9.55,9,8595,1
13:44:27,9.55,517,493735,1
13:44:24,9.54,10,9540,-1
13:44:18,9.55,101,96455,1
13:44:15,9.54,70,66780,-1
13:44:12,9.55,3,2865,1
13:44:09,9.55,1,955,1
13:44:06,9.55,35,33425,1
13:44:03,9.54,53,50561,-1
13:43:57,9.55,15,14325,1
13:43:54,9.54,12,11447,-1
13:43:48,9.55,5,4775,1
13:43:45,9.55,48,45840,1
13:43:42,9.54,58,55331,-1
13:43:39,9.55,31,29605,1
13:43:36,9.53,50,47650,-1
13:43:33,9.55,1,955,1
13:43:30,9.55,51,48705,1
13:43:27,9.55,3,2865,1
13:43:24,9.53,5,4765,-1
13:43:21,9.53,4,3811,-1
13:43:18,9.53,502,478663,1
13:43:15,9.53,31,29542,1
13:43:12,9.53,3,2859,1
13:43:09,9.53,41,39073,1
13:43:06,9.52,71,67592,-1
13:43:03,9.53,4,3811,1
13:43:00,9.52,92,87584,-1
13:42:57,9.53,2,1905,1
13:42:54,9.53,11,10483,1
13:42:51,9.53,5,4765,1
13:42:48,9.53,2898,2761803,-1
13:42:45,9.56,60,57360,1
13:42:42,9.55,86,82130,-1
13:42:39,9.55,30,28650,-1
13:42:36,9.55,113,107915,-1
13:42:33,9.55,217,207235,-1
13:42:30,9.56,17,16252,1
13:42:27,9.55,460,439300,-1
13:42:24,9.56,55,52580,1
13:42:21,9.55,12,11460,-1
13:42:18,9.55,25,23875,-1
13:42:15,9.55,25,23875,-1
13:42:12,9.56,35,33460,1
13:42:06,9.55,192,183360,-1
13:42:03,9.56,119,113764,1
13:42:00,9.56,52,49712,1
13:41:51,9.56,14,13384,1
13:41:48,9.56,10,9560,1
13:41:45,9.56,66,63096,1
13:41:36,9.56,12,11472,1
13:41:33,9.55,12,11460,-1
13:41:21,9.56,16,15296,1
13:41:18,9.56,2,1912,1
13:41:15,9.56,39,37284,1
13:41:12,9.55,4,3820,-1
13:41:09,9.56,10,9560,1
13:41:03,9.56,10,9560,1
13:41:00,9.55,15,14325,-1
13:40:54,9.56,1,956,1
13:40:51,9.55,84,81165,-1
13:40:48,9.56,1,956,1
13:40:42,9.55,10,9550,-1
13:40:39,9.55,4,3820,0
13:40:33,9.54,39,37206,-1
13:40:30,9.55,528,504240,1
13:40:27,9.55,4,3820,1
13:40:24,9.55,100,95500,1
13:40:21,9.54,23,21941,-1
13:40:12,9.55,8,7640,1
13:40:09,9.54,5,4770,-1
13:40:06,9.55,41,39155,1
13:40:03,9.55,169,161395,1
13:40:00,9.54,22,20987,-1
13:39:57,9.54,1,953,-1
13:39:51,9.54,100,95399,-1
13:39:48,9.55,25,23875,1
13:39:45,9.55,5,4775,1
13:39:42,9.54,2,1907,-1
13:39:39,9.54,20,19080,-1
13:39:33,9.55,5,4775,1
13:39:27,9.54,100,95399,-1
13:39:21,9.55,10,9550,1
13:39:18,9.54,20,19080,-1
13:39:15,9.54,54,51515,-1
13:39:12,9.54,17,16217,-1
13:39:09,9.54,12,11447,-1
13:39:06,9.54,88,83951,-1
13:39:03,9.55,5,4775,1
13:39:00,9.55,5,4775,1
13:38:57,9.55,9,8595,1
13:38:54,9.54,8,7631,-1
13:38:51,9.54,509,485585,1
13:38:48,9.53,1,952,-1
13:38:42,9.54,21,20034,1
13:38:39,9.54,24,22895,1
13:38:33,9.53,39,37167,-1
13:38:30,9.54,27,25757,1
13:38:27,9.53,40,38120,-1
13:38:24,9.53,43,40979,-1
13:38:21,9.54,2,1907,1
13:38:18,9.54,55,52469,1
13:38:15,9.54,27,25757,1
13:38:12,9.53,356,339268,-1
13:38:09,9.54,10,9540,1
13:38:06,9.53,20,19060,-1
13:38:03,9.53,30,28589,-1
13:38:00,9.54,550,524700,1
13:37:54,9.53,23,21919,-1
13:37:51,9.54,73,69642,1
13:37:48,9.53,53,50509,-1
13:37:42,9.53,15,14294,-1
13:37:39,9.53,10,9530,-1
13:37:36,9.53,148,141044,1
13:37:33,9.53,332,316396,1
13:37:30,9.53,107,101971,1
13:37:27,9.53,16,15247,1
13:37:24,9.53,30,28589,1
13:37:21,9.52,200,190400,-1
13:37:18,9.52,16,16174,-1
13:37:15,9.53,45,42885,1
13:37:09,9.53,173,164869,1
13:37:06,9.52,121,115192,1
13:37:03,9.52,137,130424,1
13:37:00,9.52,257,244664,1
13:36:57,9.52,231,219912,1
13:36:54,9.52,485,461720,-1
13:36:51,9.52,35,33320,-1
13:36:48,9.52,36,34272,-1
13:36:45,9.53,181,172493,1
13:36:42,9.51,120,114120,-1
13:36:39,9.52,118,112336,-1
13:36:36,9.52,53,50456,-1
13:36:33,9.52,89,84728,-1
13:36:30,9.52,71,67592,-1
13:36:27,9.52,105,99960,1
13:36:24,9.52,263,250376,1
13:36:21,9.52,2252,2143904,1
13:36:18,9.52,137,130424,1
13:36:15,9.52,86,81872,0
13:36:12,9.51,61,58011,-1
13:36:09,9.52,13,12376,-1
13:36:06,9.52,63,59976,-1
13:36:03,9.52,88,83776,-1
13:36:00,9.52,10,9520,-1
13:35:57,9.52,2059,1960168,1
13:35:54,9.52,64,60928,1
13:35:51,9.51,151,143601,-1
13:35:48,9.52,46,43792,1
13:35:42,9.52,81,77112,-1
13:35:39,9.53,318,303054,1
13:35:36,9.51,3100,2948100,-1
13:35:33,9.53,105,100065,1
13:35:30,9.53,236,224907,-1
13:35:27,9.53,77,73381,-1
13:35:24,9.54,745,710729,1
13:35:21,9.54,107,102077,1
13:35:18,9.54,80,76320,1
13:35:15,9.53,91,86723,-1
13:35:12,9.53,340,324020,-1
13:35:09,9.53,60,57179,-1
13:35:06,9.53,87,82911,-1
13:35:03,9.54,16,15263,1
13:34:57,9.54,34,32435,1
13:34:54,9.54,80,76320,1
13:34:51,9.54,314,299556,-1
13:34:48,9.55,591,564405,1
13:34:45,9.54,655,624870,-1
13:34:39,9.55,21,20055,1
13:34:36,9.55,20,19100,1
13:34:33,9.54,30,28619,-1
13:34:30,9.55,12,11460,1
13:34:27,9.54,60,57239,-1
13:34:24,9.54,150,143100,-1
13:34:21,9.55,110,105050,1
13:34:18,9.55,31,29605,1
13:34:15,9.55,194,185270,1
13:34:12,9.54,227,216557,-1
13:34:09,9.54,22,20987,-1
13:34:06,9.54,56,53423,-1
13:34:03,9.54,161,153594,-1
13:34:00,9.54,15,14309,-1
13:33:57,9.55,20,19100,1
13:33:54,9.54,187,178397,-1
13:33:51,9.55,132,126060,1
13:33:48,9.54,10,9540,-1
13:33:45,9.55,230,219650,1
13:33:42,9.54,30,28619,-1
13:33:39,9.54,52,49607,-1
13:33:36,9.54,130,124019,-1
13:33:33,9.55,178,169990,1
13:33:30,9.54,51,48653,-1
13:33:27,9.55,123,117465,1
13:33:24,9.55,88,84040,1
13:33:21,9.54,105,100169,-1
13:33:15,9.55,222,212010,-1
13:33:09,9.54,32,30527,-1
13:33:06,9.55,60,57300,-1
13:33:03,9.55,3,2865,-1
13:33:00,9.55,827,789785,1
13:32:57,9.54,86,82043,-1
13:32:48,9.55,248,236840,-1
13:32:45,9.55,41,39155,-1
13:32:42,9.55,249,237795,-1
13:32:39,9.55,81,77355,-1
13:32:36,9.55,30,28650,-1
13:32:33,9.55,202,192910,-1
13:32:30,9.55,266,254030,-1
13:32:27,9.56,52,49712,1
13:32:24,9.56,57,54492,1
13:32:21,9.55,8,7640,-1
13:32:18,9.55,274,261670,-1
13:32:15,9.56,134,128104,1
13:32:12,9.56,26,24856,1
13:32:09,9.56,37,35372,1
13:32:06,9.56,384,367161,-1
13:32:03,9.56,10,9560,-1
13:32:00,9.56,110,105160,-1
13:31:57,9.56,658,629048,-1
13:31:54,9.56,100,95600,-1
13:31:51,9.57,20,19140,1
13:31:48,9.57,3,2871,1
13:31:42,9.57,5,4785,1
13:31:39,9.57,1,957,-1
13:31:36,9.56,1000,956000,-1
13:31:33,9.57,472,451704,-1
13:31:27,9.57,72,68904,-1
13:31:24,9.57,22,21054,-1
13:31:21,9.58,20,19160,1
13:31:18,9.57,6,5742,-1
13:31:15,9.57,25,23925,-1
13:31:12,9.57,123,117711,-1
13:31:09,9.58,40,38320,1
13:31:06,9.58,54,51732,1
13:31:00,9.58,30,28740,1
13:30:51,9.58,65,62270,-1
13:30:45,9.58,15,14370,1
13:30:42,9.58,18,17244,-1
13:30:39,9.58,21,20118,-1
13:30:36,9.58,139,133162,-1
13:30:33,9.58,4,3832,-1
13:30:30,9.58,34,32572,-1
13:30:27,9.58,5,4790,-1
13:30:21,9.58,20,19160,1
13:30:18,9.57,28,26796,-1
13:30:15,9.57,47,44979,-1
13:30:12,9.59,6,5754,1
13:30:09,9.58,46,44068,1
13:30:06,9.57,3,2871,-1
13:30:03,9.58,9,8622,1
13:30:00,9.57,53,50721,-1
13:29:45,9.57,46,44022,-1
13:29:42,9.59,48,46032,1
13:29:36,9.57,928,888096,-1
13:29:33,9.58,15,14370,-1
13:29:30,9.59,1,959,1
13:29:24,9.58,21,20118,-1
13:29:18,9.58,2,1916,-1
13:29:15,9.59,5,4795,1
13:29:12,9.59,2,1918,-1
13:29:09,9.58,198,189684,-1
13:29:03,9.59,57,54663,1
13:29:00,9.59,10,9590,1
13:28:54,9.59,11,10549,-1
13:28:42,9.6,349,335040,1
13:28:36,9.6,2,1920,1
13:28:30,9.59,13,13378,1
13:28:24,9.59,24,23063,-1
13:28:21,9.59,11,10549,-1
13:28:15,9.59,3,2877,-1
13:28:12,9.59,4,3836,-1
13:28:09,9.59,141,135219,-1
13:28:03,9.59,126,121745,1
13:28:00,9.58,11,10538,-1
13:27:57,9.58,30,28740,-1
13:27:54,9.59,237,227283,1
13:27:51,9.59,30,28770,1
13:27:48,9.58,89,85262,-1
13:27:45,9.58,3,2874,-1
13:27:42,9.58,10,9580,-1
13:27:36,9.59,5,4795,1
13:27:33,9.58,18,17244,-1
13:27:30,9.58,108,103464,-1
13:27:27,9.58,5,4790,-1
13:27:24,9.58,132,126456,-1
13:27:21,9.59,326,312634,1
13:27:18,9.58,267,255786,-1
13:27:15,9.58,1,958,-1
13:27:12,9.58,204,195432,-1
13:27:09,9.59,54,51786,1
13:26:57,9.58,4,3832,-1
13:26:54,9.58,1,958,-1
13:26:51,9.58,40,38320,-1
13:26:45,9.58,45,43110,-1
13:26:36,9.58,10,9580,-1
13:26:33,9.58,15,14370,-1
13:26:30,9.59,2,1918,1
13:26:21,9.58,2,1916,-1
13:26:18,9.58,33,31614,-1
13:26:15,9.58,35,33530,-1
13:26:09,9.58,9,8622,-1
13:26:06,9.58,3,2874,-1
13:26:03,9.58,31,29698,1
13:26:00,9.58,7,6706,1
13:25:57,9.58,25,23950,-1
13:25:54,9.58,35,33530,-1
13:25:51,9.58,38,36404,-1
13:25:48,9.58,20,19160,-1
13:25:45,9.58,13,12454,-1
13:25:42,9.58,103,98674,-1
13:25:39,9.58,7,6706,-1
13:25:36,9.58,182,174356,-1
13:25:33,9.59,23,22057,1
13:25:30,9.58,111,106338,-1
13:25:24,9.58,34,32572,-1
13:25:21,9.58,30,28740,-1
13:25:18,9.58,42,40236,-1
13:25:15,9.58,165,158070,-1
13:25:12,9.59,50,47950,1
13:25:06,9.58,53,50774,-1
13:25:03,9.58,4,3832,-1
13:25:00,9.58,30,28740,-1
13:24:57,9.58,521,499118,-1
13:24:54,9.58,100,95800,-1
13:24:51,9.58,175,167650,-1
13:24:48,9.58,147,140826,-1
13:24:45,9.58,20,19160,-1
13:24:42,9.58,1,958,-1
13:24:39,9.58,104,99632,-1
13:24:36,9.58,40,38320,-1
13:24:33,9.58,4,3832,-1
13:24:30,9.59,131,125629,1
13:24:27,9.58,113,108254,-1
13:24:24,9.58,322,308476,-1
13:24:21,9.58,143,136994,1
13:24:18,9.58,1,958,0
13:24:15,9.59,314,301126,1
13:24:12,9.58,210,201180,-1
13:24:09,9.58,129,123582,-1
13:24:06,9.58,88,84304,-1
13:24:00,9.58,469,449302,-1
13:23:57,9.58,35,33530,-1
13:23:54,9.59,37,35483,1
13:23:51,9.59,1,959,1
13:23:48,9.58,1251,1198458,-1
13:23:45,9.59,349,334691,-1
13:23:33,9.6,1031,989760,-1
13:23:24,9.6,28,26880,-1
13:23:21,9.6,14,13440,-1
13:23:18,9.6,100,96000,-1
13:23:12,9.61,71,68231,1
13:23:03,9.61,2,1922,1
13:22:54,9.61,51,49011,1
13:22:51,9.61,289,277777,-1
13:22:48,9.61,10,9610,-1
13:22:45,9.61,520,499719,-1
13:22:42,9.61,6,5766,-1
13:22:39,9.62,10,9620,1
13:22:36,9.61,68,65347,-1
13:22:33,9.61,126,121086,-1
13:22:27,9.61,60,57660,-1
13:22:24,9.61,8,7688,-1
13:22:21,9.61,4,3844,-1
13:22:18,9.61,26,24986,-1
13:22:15,9.61,10,9610,-1
13:22:12,9.61,57,54777,-1
13:22:03,9.62,3,2885,1
13:22:00,9.61,312,299832,-1
13:21:57,9.61,67,64386,-1
13:21:54,9.62,20,19240,1
13:21:45,9.61,26,24986,-1
13:21:36,9.62,20,19240,1
13:21:33,9.61,28,26908,-1
13:21:30,9.61,8,7688,-1
13:21:27,9.62,100,96199,1
13:21:24,9.61,2,1922,-1
13:21:18,9.62,13,12505,1
13:21:12,9.61,11,10571,-1
13:21:09,9.61,10,9610,-1
13:21:06,9.62,45,43290,1
13:21:03,9.61,292,280612,-1
13:21:00,9.62,21,20202,1
13:20:57,9.61,1,961,-1
13:20:54,9.61,8,7688,-1
13:20:51,9.61,4,3844,-1
13:20:48,9.61,31,29791,-1
13:20:45,9.61,99,95139,-1
13:20:42,9.61,100,96100,-1
13:20:39,9.61,64,61504,-1
13:20:36,9.61,35,33635,-1
13:20:24,9.61,37,35557,-1
13:20:18,9.62,5,4810,1
13:20:15,9.62,1,961,1
13:20:12,9.62,13,12505,1
13:20:09,9.62,31,29821,-1
13:20:06,9.62,26,25011,-1
13:20:03,9.62,14,13467,-1
13:20:00,9.62,27,25973,-1
13:19:57,9.62,32,30783,-1
13:19:54,9.62,26,25011,-1
13:19:42,9.62,15,14429,-1
13:19:39,9.62,10,9620,-1
13:19:36,9.62,214,205867,1
13:19:33,9.62,10,9620,1
13:19:30,9.61,27,25947,-1
13:19:27,9.61,2,1922,-1
13:19:21,9.61,13,13405,-1
13:19:12,9.62,37,35594,1
13:19:09,9.61,117,112437,-1
13:19:03,9.62,2,1923,1
13:18:57,9.61,26,24986,-1
13:18:54,9.61,16,15376,-1
13:18:51,9.62,3,2885,1
13:18:48,9.62,210,202019,1
13:18:45,9.62,5,4810,1
13:18:42,9.62,74,71188,1
13:18:39,9.62,10,9620,1
13:18:36,9.62,20,19240,1
13:18:30,9.62,1,961,1
13:18:27,9.62,5,4810,1
13:18:24,9.61,101,97061,-1
13:18:21,9.62,1,961,1
13:18:18,9.62,47,45262,-1
13:18:15,9.62,5,4810,-1
13:18:12,9.62,12,11543,-1
13:18:09,9.62,52,50937,1
13:18:06,9.61,50,48050,-1
13:18:00,9.62,50,48099,1
13:17:51,9.62,53,50985,1
13:17:48,9.62,70,67340,1
13:17:42,9.62,20,19240,1
13:17:39,9.62,138,132804,-1
13:17:27,9.63,10,9630,1
13:17:24,9.62,34,32707,-1
13:17:21,9.62,211,202981,-1
13:17:15,9.63,23,22149,1
13:17:12,9.63,45,43335,1
13:17:09,9.62,500,480999,-1
13:17:03,9.62,18,17316,-1
13:16:57,9.62,25,24049,-1
13:16:54,9.63,150,144450,1
13:16:51,9.62,2,1923,-1
13:16:45,9.62,21,20202,-1
13:16:42,9.62,20,19240,-1
13:16:39,9.62,4,3847,-1
13:16:36,9.62,16,15391,-1
13:16:27,9.62,6,5771,-1
13:16:18,9.62,33,31745,-1
13:16:15,9.62,143,137566,-1
13:16:09,9.62,10,9620,-1
13:16:03,9.62,35,33670,-1
13:16:00,9.62,21,20202,-1
13:15:57,9.63,1,963,1
13:15:54,9.62,100,96199,-1
13:15:39,9.62,9,8658,-1
13:15:36,9.62,269,258777,-1
13:15:33,9.63,74,71262,1
13:15:30,9.62,500,480999,-1
13:15:27,9.62,20,19240,-1
13:15:24,9.63,23,22149,1
13:15:15,9.62,26,25011,-1
13:15:12,9.62,9,8658,-1
13:15:06,9.62,5,4810,-1
13:15:03,9.62,2,1923,-1
13:14:57,9.63,7,6741,1
13:14:54,9.63,1,963,1
13:14:45,9.63,10,9630,1
13:14:24,9.63,26,25038,1
13:14:21,9.62,55,52909,-1
13:14:12,9.63,84,80892,1
13:14:09,9.62,22,21164,-1
13:14:03,9.63,3,2889,1
13:14:00,9.62,5,4810,-1
13:13:57,9.63,11,10593,1
13:13:48,9.62,12,11543,-1
13:13:45,9.62,25,24049,-1
13:13:39,9.62,552,531024,-1
13:13:36,9.62,8,7695,-1
13:13:33,9.63,3,2889,1
13:13:30,9.62,30,28859,-1
13:13:24,9.62,15,14429,-1
13:13:18,9.63,30,28890,1
13:13:12,9.63,3,2889,1
13:13:09,9.63,8,7704,1
13:13:00,9.63,6,5778,1
13:12:57,9.62,100,96199,-1
13:12:54,9.63,5,4815,1
13:12:51,9.63,52,50076,1
13:12:48,9.63,27,26001,1
13:12:45,9.63,1,963,1
13:12:42,9.63,100,96300,1
13:12:39,9.63,14,13482,1
13:12:36,9.62,10,9620,-1
13:12:33,9.63,298,286974,1
13:12:24,9.63,20,19260,1
13:12:18,9.63,1323,1274154,-1
13:12:15,9.63,2,1926,-1
13:12:12,9.63,6,5778,-1
13:12:09,9.63,5,4815,-1
13:12:06,9.64,100,96400,1
13:12:03,9.63,15,14445,-1
13:11:57,9.64,64,61696,1
13:11:54,9.63,21,20223,-1
13:11:51,9.63,3,2889,-1
13:11:48,9.64,45,43380,1
13:11:45,9.63,2,1926,-1
13:11:39,9.63,10,9630,-1
13:11:33,9.64,7,6748,1
13:11:21,9.63,30,28890,-1
13:11:15,9.63,30,28890,-1
13:11:09,9.64,30,28920,1
13:10:57,9.64,42,40488,1
13:10:54,9.64,20,19280,1
13:10:48,9.63,20,19260,-1
13:10:39,9.63,44,42372,-1
13:10:36,9.63,10,9630,-1
13:10:33,9.63,10,9630,-1
13:10:24,9.63,10,9630,-1
13:10:09,9.63,40,38520,-1
13:10:03,9.64,10,9640,1
13:10:00,9.63,188,181901,-1
13:09:57,9.63,105,101115,-1
13:09:48,9.64,82,79048,1
13:09:39,9.63,10,9630,-1
13:09:33,9.64,12,11568,1
13:09:27,9.63,9,8667,-1
13:09:24,9.64,30,28920,1
13:09:21,9.64,5,4820,1
13:09:15,9.63,130,125190,-1
13:09:12,9.64,91,87724,-1
13:09:09,9.64,100,96400,-1
13:09:03,9.64,282,271848,-1
13:09:00,9.64,10,9640,-1
13:08:57,9.65,22,21230,1
13:08:42,9.64,1,964,-1
13:08:36,9.64,5,4820,-1
13:08:30,9.64,19,18316,-1
13:08:27,9.64,36,34704,-1
13:08:21,9.65,226,218090,1
13:08:18,9.65,5,4825,1
13:08:15,9.64,20,19280,-1
13:08:09,9.65,19,18335,1
13:08:06,9.65,64,61760,1
13:08:03,9.64,33,31812,-1
13:08:00,9.64,9,8676,-1
13:07:57,9.65,300,289500,1
13:07:48,9.64,29,27956,-1
13:07:45,9.64,45,43380,-1
13:07:33,9.64,125,120500,-1
13:07:24,9.65,20,19300,1
13:07:18,9.65,1,965,1
13:07:15,9.64,25,24100,-1
13:07:12,9.64,2,1928,-1
13:07:09,9.65,1,965,1
13:06:54,9.65,40,38600,1
13:06:48,9.64,100,96400,-1
13:06:45,9.64,39,37596,1
13:06:42,9.64,5,4820,1
13:06:39,9.64,16,15424,-1
13:06:36,9.64,5,4820,-1
13:06:33,9.64,43,41452,1
13:06:30,9.64,7,6748,-1
13:06:27,9.64,96,92544,-1
13:06:24,9.64,15,14460,-1
13:06:18,9.64,10,9640,-1
13:06:15,9.64,3,2892,-1
13:06:12,9.64,10,9640,-1
13:06:09,9.65,143,137995,1
13:06:06,9.64,27,26028,1
13:06:03,9.64,34,32776,-1
13:05:57,9.65,116,111940,1
13:05:48,9.64,100,96400,-1
13:05:42,9.63,101,97263,-1
13:05:39,9.64,40,38560,1
13:05:33,9.63,100,96300,-1
13:05:30,9.63,10,9630,-1
13:05:27,9.63,4,3852,-1
13:05:24,9.63,24,23112,-1
13:05:21,9.64,29,27956,1
13:05:09,9.63,26,25038,0
13:05:03,9.64,279,268956,1
13:05:00,9.63,422,406386,-1
13:04:57,9.63,47,45261,-1
13:04:48,9.63,40,38520,-1
13:04:45,9.64,13,12532,0
13:04:36,9.63,150,144450,-1
13:04:33,9.64,2,1928,1
13:04:30,9.64,88,84832,1
13:04:27,9.64,1,964,1
13:04:24,9.64,10,9640,1
13:04:21,9.63,11,10593,-1
13:04:18,9.64,10,9640,1
13:04:15,9.64,29,27956,1
13:04:09,9.64,31,29884,1
13:04:06,9.64,5,4820,1
13:04:03,9.64,311,299804,1
13:03:57,9.64,89,85796,1
13:03:54,9.64,9,8676,1
13:03:48,9.64,60,57840,1
13:03:42,9.64,4,3856,1
13:03:39,9.64,10,9640,0
13:03:27,9.65,910,878150,1
13:03:21,9.63,94,90522,-1
13:03:18,9.64,77,74228,1
13:03:12,9.63,77,74151,-1
13:03:03,9.63,4,3852,-1
13:02:54,9.63,110,105930,-1
13:02:45,9.63,29,27927,-1
13:02:39,9.64,51,49164,1
13:02:33,9.64,62,59768,1
13:02:27,9.63,1,963,-1
13:02:15,9.63,61,58743,-1
13:02:12,9.63,10,9630,1
13:02:09,9.63,2,1926,1
13:02:06,9.62,301,289562,-1
13:02:03,9.62,215,206829,-1
13:02:00,9.64,31,29884,1
13:01:57,9.63,24,24026,1
13:01:54,9.63,775,746373,-1
13:01:45,9.64,51,49164,1
13:01:42,9.63,366,352458,-1
13:01:39,9.63,13,12519,-1
13:01:36,9.64,23,22172,1
13:01:33,9.64,505,486820,1
13:01:30,9.63,10,9630,-1
13:01:21,9.64,5,4820,1
13:01:18,9.64,64,61696,1
13:01:12,9.64,28,26992,1
13:01:03,9.64,8,7712,1
13:00:57,9.64,5,4820,1
13:00:54,9.64,21,20244,1
13:00:48,9.64,3,2892,1
13:00:45,9.64,1,964,1
13:00:42,9.64,12,11568,1
13:00:27,9.64,55,53020,1
13:00:21,9.63,9,8667,-1
13:00:15,9.63,64,61632,-1
13:00:12,9.63,6,5778,-1
13:00:09,9.63,83,80853,-1
13:00:06,9.63,937,903284,1
13:00:03,9.62,32,30783,-1
11:30:03,9.63,143,137709,1
11:29:54,9.63,31,29853,1
11:29:48,9.61,29,27869,-1
11:29:36,9.62,105,101009,1
11:29:33,9.61,5,4805,-1
11:29:24,9.62,24,23087,1
11:29:21,9.62,69,66378,-1
11:29:18,9.62,50,48099,-1
11:29:12,9.62,19,18278,-1
11:29:09,9.62,20,19240,-1
11:29:03,9.62,25,24049,-1
11:29:00,9.62,39,37518,-1
11:28:54,9.63,50,48150,1
11:28:48,9.62,6,5771,-1
11:28:42,9.62,1,961,0
11:28:39,9.63,51,49113,1
11:28:36,9.62,210,202019,-1
11:28:30,9.62,4,3847,-1
11:28:24,9.62,10,9620,-1
11:28:21,9.62,99,95237,-1
11:28:15,9.62,32,30783,-1
11:28:12,9.62,107,102933,1
11:28:09,9.62,8,7695,1
11:28:06,9.62,20,19240,1
11:28:00,9.61,10,9610,-1
11:27:57,9.61,37,35557,-1
11:27:54,9.63,136,130968,-1
11:27:48,9.63,526,506538,1
11:27:45,9.62,87,83694,1
11:27:42,9.61,131,125890,-1
11:27:39,9.61,39,37479,-1
11:27:30,9.62,3,2885,1
11:27:24,9.62,98,94275,1
11:27:12,9.62,66,63491,1
11:27:09,9.61,244,234484,-1
11:27:06,9.62,8,7695,-1
11:26:57,9.62,73,70226,1
11:26:54,9.62,6,5771,1
11:26:48,9.62,10,9620,1
11:26:42,9.61,23,22103,-1
11:26:39,9.62,19,18278,1
11:26:36,9.62,19,18278,1
11:26:33,9.61,3,2883,1
11:26:30,9.61,10,9610,-1
11:26:27,9.62,19,18278,1
11:26:24,9.6,82,78720,-1
11:26:21,9.61,40,38440,1
11:26:15,9.61,20,19220,1
11:26:12,9.61,25,24025,1
11:26:06,9.61,445,427645,-1
11:26:03,9.62,30,28859,1
11:25:48,9.62,18,17316,1
11:25:45,9.62,60,57719,1
11:25:36,9.62,14,13467,1
11:25:33,9.62,21,20202,1
11:25:30,9.62,28,26935,1
11:25:24,9.61,92,88412,1
11:25:21,9.61,36,34596,1
11:25:15,9.61,372,357492,-1
11:25:09,9.62,1,961,-1
11:25:06,9.63,11,10593,1
11:25:00,9.63,5,4815,1
11:24:57,9.63,1,963,1
11:24:54,9.63,110,105930,-1
11:24:51,9.63,128,123264,-1
11:24:48,9.63,4,3852,-1
11:24:39,9.64,10,9640,1
11:24:33,9.64,180,173520,-1
11:24:30,9.64,287,276668,-1
11:24:18,9.65,28,27020,1
11:24:15,9.65,60,57900,1
11:24:12,9.65,308,297220,1
11:24:03,9.65,92,88780,-1
11:24:00,9.66,59,56994,1
11:23:57,9.65,93,89745,-1
11:23:54,9.65,20,19300,-1
11:23:48,9.66,351,339993,1
11:23:42,9.64,20,19280,-1
11:23:39,9.64,579,558156,1
11:23:36,9.64,205,197620,1
11:23:33,9.63,176,169488,-1
11:23:30,9.63,235,226305,1
11:23:27,9.63,500,481500,1
11:23:24,9.62,229,220297,1
11:23:18,9.62,20,19240,1
11:23:15,9.62,83,79846,1
11:23:09,9.61,10,9610,1
11:23:06,9.61,310,297910,1
11:23:03,9.61,30,28830,1
11:23:00,9.6,3,2880,-1
11:22:57,9.6,99,95040,-1
11:22:48,9.6,1,960,-1
11:22:45,9.61,390,374790,1
11:22:42,9.6,79,75840,-1
11:22:30,9.61,177,170097,1
11:22:27,9.6,6,5760,-1
11:22:21,9.61,4,3844,1
11:22:18,9.61,220,211420,1
11:22:15,9.61,50,48050,1
11:22:12,9.6,20,19200,-1
11:22:06,9.61,69,66309,1
11:22:03,9.6,41,39360,-1
11:21:57,9.61,10,9610,1
11:21:54,9.6,184,176640,-1
11:21:45,9.6,29,27840,-1
11:21:42,9.6,40,38400,-1
11:21:27,9.6,20,19200,-1
11:21:24,9.6,101,96960,-1
11:21:18,9.6,101,96960,-1
11:21:15,9.61,1,961,1
11:21:03,9.6,11,10560,-1
11:21:00,9.6,50,48000,-1
11:20:51,9.61,64,61504,1
11:20:45,9.61,10,9610,1
11:20:42,9.61,514,493953,1
11:20:39,9.61,15,14415,1
11:20:36,9.61,289,277729,-1
11:20:33,9.61,12,11532,-1
11:20:30,9.61,2,1922,-1
11:20:24,9.62,4,3847,1
11:20:21,9.62,12,11543,1
11:20:18,9.62,16,15391,1
11:20:15,9.61,6,5766,-1
11:20:12,9.61,4,3844,-1
11:20:06,9.6,867,832320,-1
11:20:00,9.61,15,14415,-1
11:19:57,9.61,19,18259,-1
11:19:51,9.61,9,8649,1
11:19:48,9.61,16,15376,1
11:19:45,9.61,53,50933,1
11:19:42,9.61,344,330584,1
11:19:39,9.61,99,95139,-1
11:19:36,9.61,3,2883,-1
11:19:30,9.61,102,98022,0
11:19:21,9.61,19,18259,1
11:19:18,9.61,47,45167,1
11:19:12,9.61,66,63425,1
11:19:06,9.61,100,96100,1
11:19:03,9.61,35,33635,1
11:18:57,9.61,65,62464,1
11:18:54,9.61,13,12493,1
11:18:51,9.61,142,136462,1
11:18:48,9.61,616,591976,-1
11:18:45,9.61,8,7688,-1
11:18:39,9.61,51,49011,-1
11:18:27,9.61,6,5766,-1
11:18:24,9.61,40,38440,-1
11:18:18,9.61,105,100905,-1
11:18:15,9.61,182,174902,-1
11:18:12,9.62,2,1923,1
11:18:06,9.62,10,9620,1
11:18:03,9.62,19,18278,1
11:18:00,9.62,232,223183,1
11:17:57,9.62,2,1923,1
11:17:51,9.62,1,961,1
11:17:48,9.62,4,3847,-1
11:17:45,9.62,55,52909,-1
11:17:42,9.62,9,8658,1
11:17:39,9.61,15,14415,-1
11:17:33,9.62,10,9620,1
11:17:30,9.61,30,28830,-1
11:17:21,9.62,50,48099,1
11:17:15,9.62,16,15391,1
11:17:12,9.62,30,28859,1
11:17:06,9.62,5,4810,1
11:17:03,9.62,121,116401,1
11:17:00,9.63,236,227268,1
11:16:54,9.62,10,9620,-1
11:16:45,9.63,4,3852,-1
11:16:42,9.62,43,41366,-1
11:16:39,9.63,85,81855,1
11:16:36,9.62,395,379989,-1
11:16:33,9.63,55,52965,1
11:16:24,9.63,93,89559,1
11:16:21,9.63,833,802179,-1
11:16:18,9.64,2,1928,1
11:16:15,9.64,15,14460,1
11:16:09,9.63,10,9630,-1
11:16:06,9.63,10,9630,-1
11:16:03,9.64,30,28920,1
11:15:57,9.64,110,106040,1
11:15:51,9.64,129,124356,1
11:15:48,9.64,17,16388,-1
11:15:42,9.64,20,19280,-1
11:15:39,9.65,53,51145,1
11:15:36,9.64,139,133996,-1
11:15:33,9.64,8,7712,-1
11:15:30,9.64,154,148456,-1
11:15:27,9.65,60,57900,1
11:15:24,9.64,1,964,-1
11:15:21,9.65,49,47285,1
11:15:18,9.64,34,32776,-1
11:15:15,9.64,80,77120,-1
11:15:12,9.64,4,3856,-1
11:15:09,9.65,6,5790,1
11:15:03,9.64,5,4820,-1
11:14:57,9.65,10,9650,1
11:14:54,9.64,11,10604,1
11:14:51,9.64,50,48200,-1
11:14:45,9.64,33,31812,-1
11:14:42,9.65,103,99395,1
11:14:39,9.64,1,964,-1
11:14:36,9.64,1,964,-1
11:14:33,9.65,2,1930,1
11:14:30,9.64,58,55912,-1
11:14:27,9.64,1,964,-1
11:14:24,9.64,69,66516,-1
11:14:18,9.64,134,129176,-1
11:14:15,9.64,122,117608,-1
11:14:12,9.65,171,165015,1
11:14:09,9.64,514,495496,-1
11:14:00,9.65,30,28950,1
11:13:57,9.64,10,9640,-1
11:13:54,9.64,20,19280,-1
11:13:51,9.64,21,20244,-1
11:13:48,9.65,77,74305,1
11:13:45,9.65,10,9650,1
11:13:42,9.64,101,97364,-1
11:13:39,9.65,43,41495,1
11:13:36,9.64,9,8676,-1
11:13:30,9.65,54,52110,1
11:13:27,9.64,10,9640,-1
11:13:24,9.65,2,1930,1
11:13:21,9.65,204,196860,1
11:13:12,9.65,13,12545,1
11:13:06,9.65,2,1930,1
11:12:57,9.65,7,6755,1
11:12:54,9.65,126,121590,1
11:12:45,9.65,114,110010,1
11:12:39,9.65,41,39565,1
11:12:36,9.65,8,7720,1
11:12:30,9.65,19,18335,1
11:12:21,9.65,64,61760,1
11:12:18,9.65,50,48250,1
11:12:15,9.65,20,19300,1
11:12:12,9.65,100,96500,1
11:12:06,9.64,100,96400,-1
11:11:57,9.64,29,27956,-1
11:11:54,9.64,15,14460,-1
11:11:48,9.64,179,172556,1
11:11:45,9.64,38,36632,-1
11:11:42,9.64,30,28920,-1
11:11:39,9.64,58,55912,1
11:11:36,9.64,14,13496,1
11:11:30,9.64,49,47236,-1
11:11:27,9.64,11,10604,1
11:11:24,9.64,52,50128,-1
11:11:21,9.64,164,158096,1
11:11:18,9.64,121,116644,-1
11:11:15,9.65,5,4825,1
11:11:12,9.64,195,187980,1
11:11:09,9.64,7,6748,1
11:11:06,9.63,5,4815,-1
11:11:03,9.64,47,45308,1
11:11:00,9.64,3,2892,1
11:10:57,9.63,4,3852,-1
11:10:54,9.63,2,1926,-1
11:10:48,9.63,3,2889,-1
11:10:45,9.63,93,89559,-1
11:10:42,9.64,15,14460,1
11:10:36,9.64,33,31812,1
11:10:30,9.64,91,87724,1
11:10:24,9.64,84,80976,1
11:10:18,9.64,70,67480,1
11:10:15,9.64,16,15424,1
11:10:12,9.64,12,11568,1
11:10:09,9.64,8,7712,1
11:10:06,9.63,1,963,-1
11:10:03,9.63,20,19260,-1
11:10:00,9.64,10,9640,1
11:09:57,9.63,39,37557,-1
11:09:54,9.63,10,9630,-1
11:09:51,9.64,1,964,1
11:09:48,9.63,1,963,-1
11:09:45,9.63,4,3852,-1
11:09:36,9.63,32,30816,-1
11:09:33,9.64,96,92544,1
11:09:27,9.63,50,48150,-1
11:09:24,9.64,7,6748,1
11:09:21,9.64,5,4820,1
11:09:18,9.63,35,33705,-1
11:09:12,9.64,5,4820,1
11:09:09,9.63,105,101115,-1
11:09:06,9.64,40,38560,1
11:09:03,9.63,2,1926,-1
11:09:00,9.64,42,40488,1
11:08:54,9.64,90,86760,1
11:08:51,9.63,3,2889,-1
11:08:45,9.63,1,963,-1
11:08:42,9.63,5,4815,-1
11:08:39,9.64,81,78084,1
11:08:36,9.62,57,54833,-1
11:08:33,9.63,14,13482,1
11:08:27,9.63,10,9630,1
11:08:24,9.62,13,12505,-1
11:08:21,9.63,26,25038,1
11:08:18,9.62,5,4810,-1
11:08:15,9.62,8,7695,-1
11:08:12,9.62,5,4810,-1
11:08:06,9.63,4,3852,1
11:08:03,9.62,50,48099,-1
11:07:57,9.62,57,55247,1
11:07:54,9.62,83,79846,1
11:07:48,9.62,135,129869,1
11:07:45,9.62,3,2885,1
11:07:42,9.62,30,28859,1
11:07:39,9.62,723,696074,-1
11:07:33,9.64,82,79048,1
11:07:30,9.63,43,41823,1
11:07:24,9.62,22,21164,-1
11:07:21,9.62,155,149110,-1
11:07:18,9.62,4,3847,-1
11:07:09,9.63,21,20223,1
11:07:06,9.62,39,37873,-1
11:07:03,9.63,37,35631,-1
11:07:00,9.63,16,15408,-1
11:06:54,9.63,103,99189,-1
11:06:51,9.63,580,558540,-1
11:06:48,9.64,13,12532,1
11:06:45,9.64,7,6748,1
11:06:39,9.63,19,18297,-1
11:06:36,9.64,4,3856,1
11:06:33,9.63,3,2889,-1
11:06:30,9.64,4,3856,1
11:06:27,9.64,6,5784,0
11:06:24,9.65,62,59830,1
11:06:21,9.64,33,31812,1
11:06:18,9.64,10,9640,1
11:06:15,9.64,53,51092,1
11:06:12,9.64,74,71336,-1
11:06:09,9.64,12,11568,-1
11:06:06,9.64,94,90616,-1
11:06:00,9.64,7,6748,-1
11:05:57,9.64,29,27956,-1
11:05:54,9.64,30,28920,-1
11:05:51,9.64,50,48200,-1
11:05:48,9.64,4,3856,1
11:05:45,9.63,2,1926,-1
11:05:42,9.64,33,31812,1
11:05:39,9.64,6,5784,1
11:05:36,9.65,51,49215,1
11:05:30,9.64,1,964,1
11:05:27,9.64,5,4820,0
11:05:18,9.65,39,37635,1
11:05:15,9.63,80,77040,-1
11:05:12,9.64,10,9640,1
11:05:09,9.64,10,9640,1
11:05:03,9.64,42,40488,-1
11:04:57,9.65,26,25090,1
11:04:54,9.65,65,62725,1
11:04:51,9.63,200,192600,-1
11:04:48,9.65,6,5790,0
11:04:45,9.66,49,47334,1
11:04:42,9.65,40,38600,-1
11:04:39,9.65,70,67550,-1
11:04:36,9.65,80,77200,-1
11:04:33,9.65,83,80095,-1
11:04:30,9.65,66,63690,-1
11:04:27,9.66,74,71484,1
11:04:21,9.65,40,38600,-1
11:04:18,9.66,5,4830,1
11:04:15,9.65,9,8685,-1
11:04:12,9.66,21,20286,-1
11:04:09,9.67,2008,1941736,1
11:04:06,9.67,591,571497,1
11:04:03,9.66,92,88872,-1
11:04:00,9.66,5,4830,-1
11:03:57,9.67,10,9670,1
11:03:54,9.67,350,338450,1
11:03:51,9.66,4,3864,-1
11:03:48,9.67,3,2901,1
11:03:45,9.67,102,98634,1
11:03:42,9.67,1003,969901,1
11:03:36,9.67,193,186824,-1
11:03:33,9.67,175,169998,-1
11:03:30,9.68,9,8712,1
11:03:27,9.68,734,710512,1
11:03:24,9.67,20,19340,-1
11:03:21,9.67,33,31911,-1
11:03:15,9.67,47,45449,-1
11:03:09,9.67,22,21274,-1
11:03:06,9.68,46,44528,1
11:02:54,9.68,34,33105,1
11:02:48,9.67,13,12571,-1
11:02:45,9.67,150,145050,-1
11:02:42,9.68,41,39688,1
11:02:39,9.68,105,101640,1
11:02:36,9.68,375,363000,1
11:02:33,9.68,100,96800,1
11:02:30,9.67,29,28043,-1
11:02:27,9.67,2,1934,-1
11:02:24,9.68,10,9680,1
11:02:21,9.67,578,559699,-1
11:02:18,9.67,185,178895,-1
11:02:15,9.67,39,37713,-1
11:02:12,9.68,10,9680,1
11:02:09,9.67,1,967,-1
11:02:06,9.67,60,58020,-1
11:02:03,9.67,47,45449,-1
11:02:00,9.67,11,10637,-1
11:01:57,9.68,412,398816,1
11:01:51,9.67,17,16439,1
11:01:48,9.67,86,83771,1
11:01:45,9.66,2,1932,-1
11:01:42,9.67,410,396470,1
11:01:36,9.66,100,96600,-1
11:01:33,9.67,64,61888,1
11:01:30,9.67,121,117007,1
11:01:27,9.67,12,11604,1
11:01:24,9.66,423,408917,-1
11:01:21,9.67,34,32878,-1
11:01:18,9.68,3,2904,1
11:01:15,9.67,33,31911,-1
11:01:12,9.67,104,100568,-1
11:01:09,9.68,123,119064,1
11:01:06,9.67,10,9670,-1
11:01:03,9.67,110,107037,1
11:01:00,9.67,50,48350,1
11:00:57,9.66,35,33810,-1
11:00:54,9.67,61,58987,1
11:00:51,9.67,106,102502,1
11:00:48,9.67,34,32878,1
11:00:45,9.67,554,536017,-1
11:00:42,9.68,297,287496,1
11:00:39,9.68,10,9680,1
11:00:36,9.68,18,17424,1
11:00:33,9.68,45,43560,1
11:00:30,9.68,179,173272,1
11:00:27,9.68,28,27104,1
11:00:24,9.68,225,217800,1
11:00:21,9.68,10,9680,1
11:00:18,9.68,10,9680,1
11:00:15,9.68,272,263296,1
11:00:12,9.68,52,50336,1
11:00:09,9.68,73,70664,1
11:00:06,9.68,197,190696,1
11:00:03,9.68,31,30008,1
11:00:00,9.68,31,30008,1
10:59:57,9.68,190,183920,1
10:59:54,9.68,96,92928,1
10:59:51,9.68,886,857648,1
10:59:48,9.67,137,132479,-1
10:59:45,9.67,295,285265,-1
10:59:42,9.67,34,32878,-1
10:59:39,9.67,649,627583,-1
10:59:36,9.68,259,250712,1
10:59:33,9.68,259,250712,1
10:59:30,9.68,1030,997040,1
10:59:27,9.68,105,101640,1
10:59:24,9.68,91,88088,1
10:59:21,9.67,7,6769,-1
10:59:18,9.67,16,15472,-1
10:59:12,9.68,55,53240,1
10:59:09,9.68,85,82280,1
10:59:06,9.67,207,200169,-1
10:59:03,9.68,178,172304,1
10:58:57,9.67,5,4835,-1
10:58:54,9.67,96,92832,-1
10:58:51,9.68,639,619219,1
10:58:48,9.68,402,389136,1
10:58:45,9.67,30,29010,0
10:58:39,9.68,1030,997040,1
10:58:36,9.66,38,36708,1
10:58:33,9.66,120,115920,1
10:58:30,9.66,1017,982422,-1
10:58:27,9.67,47,45449,1
10:58:24,9.67,82,79294,1
10:58:21,9.67,148,143116,1
10:58:18,9.67,54,52218,1
10:58:15,9.67,178,172126,-1
10:58:12,9.67,258,249486,-1
10:58:09,9.68,420,406560,1
10:58:06,9.68,181,175208,1
10:58:03,9.68,181,175208,1
10:58:00,9.68,387,374616,1
10:57:57,9.68,14,13552,1
10:57:54,9.67,230,222410,-1
10:57:51,9.67,229,221443,-1
10:57:48,9.68,50,48400,1
10:57:45,9.67,25,24175,-1
10:57:42,9.67,30,29010,-1
10:57:39,9.67,73,70591,0
10:57:36,9.66,75,72450,-1
10:57:33,9.68,852,824736,1
10:57:30,9.67,697,673999,1
10:57:27,9.67,20,19340,1
10:57:24,9.67,220,212740,1
10:57:21,9.67,131,126677,1
10:57:18,9.67,2,1934,1
10:57:15,9.67,22,21274,1
10:57:12,9.67,551,532817,1
10:57:09,9.67,2,1934,1
10:57:06,9.67,21,20307,1
10:57:03,9.66,47,45402,-1
10:57:00,9.66,221,213486,-1
10:56:57,9.66,3,2936,1
10:56:54,9.66,206,199923,-1
10:56:51,9.67,111,107337,1
10:56:48,9.66,525,507150,-1
10:56:39,9.66,2,1932,-1
10:56:36,9.66,276,266616,-1
10:56:33,9.66,70,67620,-1
10:56:30,9.66,182,175850,1
10:56:27,9.66,586,566076,1
10:56:24,9.65,1,965,-1
10:56:18,9.65,374,360910,-1
10:56:15,9.65,78,75270,-1
10:56:12,9.65,1,965,0
10:56:09,9.66,76,73416,1
10:56:06,9.65,168,162120,1
10:56:03,9.65,205,197825,1
10:56:00,9.64,1,964,-1
10:55:57,9.64,55,53020,-1
10:55:54,9.65,505,487325,1
10:55:51,9.65,305,294325,1
10:55:45,9.65,74,71410,1
10:55:42,9.64,2,1928,-1
10:55:39,9.65,237,228705,1
10:55:36,9.65,222,214230,-1
10:55:33,9.66,54,52164,1
10:55:27,9.65,61,58865,-1
10:55:24,9.66,500,483000,1
10:55:21,9.65,467,450655,-1
10:55:18,9.65,113,109045,1
10:55:15,9.65,248,239320,1
10:55:12,9.64,30,28920,-1
10:55:09,9.64,54,52056,-1
10:55:06,9.65,5,4825,1
10:55:00,9.64,81,78084,-1
10:54:57,9.65,153,147645,1
10:54:54,9.65,35,33775,1
10:54:51,9.65,518,499870,1
10:54:48,9.65,13,12545,1
10:54:45,9.65,66,63690,1
10:54:39,9.65,31,29915,1
10:54:36,9.65,700,675500,-1
10:54:33,9.65,19,18335,-1
10:54:30,9.65,30,28950,-1
10:54:27,9.66,3,2898,1
10:54:24,9.66,100,96600,1
10:54:21,9.65,269,259585,-1
10:54:18,9.65,54,52110,-1
10:54:15,9.66,14,13524,1
10:54:12,9.65,21,20265,-1
10:54:09,9.65,60,57900,-1
10:54:06,9.66,10,9660,1
10:54:03,9.65,5,4825,-1
10:54:00,9.65,200,193000,-1
10:53:57,9.65,163,157295,-1
10:53:54,9.66,251,242466,1
10:53:51,9.66,277,267582,1
10:53:48,9.66,109,105294,1
10:53:45,9.66,148,142968,1
10:53:42,9.66,279,270431,-1
10:53:39,9.66,26,25116,-1
10:53:36,9.67,61,58987,1
10:53:33,9.66,64,61824,-1
10:53:30,9.66,235,227010,-1
10:53:27,9.66,523,505266,1
10:53:24,9.66,5,4830,1
10:53:21,9.66,297,286902,1
10:53:18,9.66,241,232806,1
10:53:15,9.66,743,717738,1
10:53:12,9.66,845,816270,1
10:53:09,9.66,122,117852,1
10:53:06,9.66,105,101430,1
10:53:03,9.66,113,109158,1
10:53:00,9.66,47,45402,-1
10:52:57,9.67,445,430315,1
10:52:54,9.67,217,209839,1
10:52:51,9.67,179,173093,1
10:52:48,9.67,255,246585,1
10:52:45,9.67,730,705910,-1
10:52:42,9.68,720,696960,1
10:52:39,9.68,383,370744,1
10:52:36,9.68,346,334928,1
10:52:33,9.68,347,335896,1
10:52:30,9.67,346,334582,-1
10:52:27,9.68,240,232320,-1
10:52:24,9.68,108,104544,-1
10:52:21,9.68,518,501424,1
10:52:18,9.68,1000,968000,1
10:52:15,9.68,1060,1026080,1
10:52:12,9.68,84,81312,1
10:52:09,9.68,22,21296,1
10:52:06,9.68,388,375584,1
10:52:03,9.67,250,241750,-1
10:52:00,9.68,5,4840,1
10:51:57,9.67,402,389691,1
10:51:54,9.67,522,504774,1
10:51:51,9.67,974,941858,1
10:51:48,9.67,141,136347,1
10:51:45,9.66,143,138138,1
10:51:42,9.66,466,450156,1
10:51:39,9.66,427,412482,1
10:51:36,9.65,56,54040,-1
10:51:33,9.66,35,33810,1
10:51:24,9.64,288,277632,-1
10:51:21,9.65,956,922540,1
10:51:18,9.64,68,65552,-1
10:51:15,9.65,150,144750,1
10:51:12,9.65,58,55970,1
10:51:06,9.64,34,32776,-1
10:51:03,9.64,10,9640,-1
10:51:00,9.65,267,257655,1
10:50:57,9.65,3,2895,1
10:50:54,9.64,10,9640,-1
10:50:51,9.65,110,106150,1
10:50:48,9.64,24,23136,-1
10:50:45,9.64,41,39524,-1
10:50:42,9.64,100,96400,1
10:50:39,9.63,110,105930,-1
10:50:36,9.64,5,4820,1
10:50:33,9.63,100,96300,-1
10:50:30,9.64,161,155204,1
10:50:27,9.64,116,111824,-1
10:50:24,9.64,222,214008,-1
10:50:21,9.64,106,102184,-1
10:50:18,9.64,4,3856,-1
10:50:15,9.65,170,164050,1
10:50:12,9.64,25,24100,-1
10:50:09,9.64,133,128212,-1
10:50:06,9.64,2,1928,-1
10:50:03,9.64,154,148456,-1
10:50:00,9.64,10,9640,-1
10:49:57,9.65,43,41495,1
10:49:51,9.64,22,21208,-1
10:49:48,9.65,18,17370,1
10:49:45,9.64,9,8676,1
10:49:42,9.63,38,36594,-1
10:49:39,9.64,39,37596,1
10:49:36,9.63,10,9630,-1
10:49:33,9.63,2,1926,1
10:49:30,9.63,217,208971,1
10:49:27,9.63,58,55854,1
10:49:24,9.63,14,13482,1
10:49:21,9.63,30,28890,1
10:49:18,9.63,18,17334,1
10:49:15,9.63,300,288900,1
10:49:09,9.63,156,150228,1
10:49:06,9.63,76,73188,1
10:49:03,9.63,113,108819,1
10:49:00,9.63,6,5778,1
10:48:57,9.62,9,8658,-1
10:48:54,9.63,53,51039,1
10:48:48,9.63,152,146376,1
10:48:45,9.63,235,226305,1
10:48:42,9.63,588,566244,-1
10:48:39,9.64,187,180268,-1
10:48:36,9.64,132,127248,-1
10:48:33,9.65,16,15440,1
10:48:30,9.64,102,98328,-1
10:48:27,9.65,366,353190,1
10:48:24,9.65,28,27020,1
10:48:21,9.65,84,81060,1
10:48:18,9.65,10,9650,1
10:48:15,9.65,970,936050,-1
10:48:12,9.66,259,250194,1
10:48:09,9.66,173,167118,1
10:48:06,9.66,681,657846,1
10:48:03,9.66,85,82110,1
10:48:00,9.65,205,197825,-1
10:47:57,9.66,71,68586,1
10:47:54,9.65,50,48250,-1
10:47:51,9.65,101,97465,1
10:47:48,9.65,1536,1482240,1
10:47:45,9.65,267,257655,1
10:47:42,9.65,285,275025,1
10:47:39,9.65,764,737260,-1
10:47:36,9.66,633,611478,1
10:47:33,9.66,432,417312,1
10:47:30,9.66,173,167118,1
10:47:27,9.66,295,284970,1
10:47:24,9.66,262,253092,-1
10:47:21,9.66,558,539028,1
10:47:18,9.66,369,356454,1
10:47:15,9.66,364,351624,1
10:47:12,9.65,15,14475,-1
10:47:09,9.65,40,38812,1
10:47:06,9.65,119,114835,1
10:47:03,9.65,121,116765,1
10:47:00,9.65,156,150540,1
10:46:57,9.65,161,155365,-1
10:46:54,9.66,89,85974,1
10:46:51,9.63,449,432387,1
10:46:48,9.63,70,67410,1
10:46:45,9.63,1369,1318501,-1
10:46:42,9.65,939,906945,1
10:46:39,9.63,1092,1051596,-1
10:46:36,9.63,40,38520,-1
10:46:33,9.64,372,358608,1
10:46:30,9.63,1000,963000,1
10:46:24,9.62,610,586820,1
10:46:21,9.6,3,2880,-1
10:46:18,9.61,598,574899,1
10:46:15,9.6,1072,1029120,1
10:46:12,9.6,590,566400,1
10:46:03,9.6,50,48000,1
10:46:00,9.6,1012,971520,1
10:45:57,9.59,34,32606,1
10:45:54,9.59,31,29729,1
10:45:51,9.59,273,261807,-1
10:45:48,9.59,37,35483,-1
10:45:45,9.59,61,58499,1
10:45:42,9.59,38,36442,1
10:45:39,9.59,66,63294,1
10:45:36,9.59,106,101654,1
10:45:33,9.59,28,26852,1
10:45:30,9.59,92,88228,1
10:45:27,9.58,15,14370,-1
10:45:24,9.59,6,5754,1
10:45:21,9.58,117,112086,-1
10:45:15,9.59,52,49868,1
10:45:12,9.59,10,9590,1
10:45:09,9.58,229,219382,-1
10:45:03,9.59,69,66171,1
10:45:00,9.59,25,23975,1
10:44:57,9.59,84,80556,1
10:44:54,9.59,48,46032,1
10:44:51,9.59,135,129465,1
10:44:48,9.59,105,100695,-1
10:44:45,9.59,227,217693,1
10:44:39,9.59,42,40278,1
10:44:33,9.59,124,118916,1
10:44:30,9.59,30,28770,1
10:44:27,9.59,161,154399,-1
10:44:24,9.59,48,46032,-1
10:44:21,9.6,2,1920,1
10:44:18,9.59,54,51786,-1
10:44:15,9.59,6,5754,-1
10:44:12,9.59,466,446894,1
10:44:09,9.59,24,23016,-1
10:44:03,9.59,225,216724,1
10:44:00,9.58,12,11496,-1
10:43:57,9.59,11,10549,1
10:43:54,9.58,6,5748,-1
10:43:48,9.58,44,42152,-1
10:43:45,9.59,50,47950,1
10:43:42,9.58,3,2874,-1
10:43:39,9.58,23,22034,-1
10:43:21,9.59,10,9590,1
10:43:18,9.59,462,443067,-1
10:43:15,9.59,10,9590,-1
10:43:09,9.59,386,370174,-1
10:43:06,9.59,142,136178,-1
10:43:03,9.59,5,4795,-1
10:43:00,9.59,157,151512,1
10:42:57,9.58,1,958,-1
10:42:54,9.58,23,22034,-1
10:42:51,9.59,69,66171,1
10:42:48,9.58,138,132204,-1
10:42:45,9.58,67,64186,-1
10:42:42,9.58,9,8622,-1
10:42:39,9.58,64,61312,-1
10:42:36,9.58,58,55564,-1
10:42:33,9.58,32,30656,-1
10:42:30,9.58,29,27782,-1
10:42:24,9.58,18,17244,-1
10:42:21,9.58,145,138910,-1
10:42:12,9.59,48,46032,1
10:42:09,9.58,5,4790,-1
10:42:03,9.59,159,152490,-1
10:42:00,9.59,24,23016,-1
10:41:57,9.6,15,14400,1
10:41:54,9.6,15,14400,1
10:41:51,9.59,35,33565,-1
10:41:48,9.59,434,416206,-1
10:41:45,9.6,20,19200,1
10:41:42,9.59,48,46032,-1
10:41:39,9.59,473,454556,-1
10:41:36,9.6,18,17280,1
10:41:33,9.59,50,47950,-1
10:41:27,9.59,10,9590,-1
10:41:24,9.59,600,575400,-1
10:41:21,9.6,115,110400,1
10:41:15,9.6,20,19200,1
10:41:12,9.6,3,2880,1
10:41:09,9.6,150,144000,1
10:41:06,9.59,3,2877,-1
10:41:03,9.6,998,958080,1
10:41:00,9.59,170,163030,-1
10:40:57,9.59,29,27811,-1
10:40:54,9.6,42,40320,1
10:40:51,9.59,94,90146,-1
10:40:48,9.6,3,2880,1
10:40:45,9.59,2,1918,-1
10:40:42,9.59,343,328937,-1
10:40:39,9.59,30,28770,-1
10:40:36,9.6,47,45120,1
10:40:30,9.59,361,346199,1
10:40:27,9.57,515,492855,-1
10:40:24,9.59,3,2877,1
10:40:21,9.58,20,19160,-1
10:40:18,9.58,3,2874,-1
10:40:15,9.58,2,1916,-1
10:40:12,9.58,215,205970,-1
10:40:09,9.58,53,50774,-1
10:40:03,9.59,35,33565,1
10:39:57,9.58,82,78556,-1
10:39:51,9.58,10,9580,-1
10:39:39,9.58,51,48858,-1
10:39:36,9.58,59,56522,-1
10:39:33,9.58,10,9580,-1
10:39:30,9.58,40,38320,-1
10:39:27,9.59,2,1918,1
10:39:21,9.58,35,33530,-1
10:39:18,9.58,53,50774,-1
10:39:15,9.58,24,22992,-1
10:39:12,9.59,17,16303,1
10:39:09,9.58,83,79514,-1
10:39:06,9.58,14,13412,-1
10:39:03,9.58,91,87178,-1
10:39:00,9.59,39,37401,1
10:38:51,9.58,43,41194,-1
10:38:45,9.59,10,9590,1
10:38:42,9.59,3,2877,1
10:38:39,9.59,55,52850,-1
10:38:36,9.6,63,60480,1
10:38:33,9.6,7,6720,1
10:38:30,9.59,621,595539,-1
10:38:27,9.59,2,1918,-1
10:38:24,9.6,99,95040,1
10:38:21,9.59,260,249340,-1
10:38:15,9.59,20,19180,-1
10:38:12,9.59,350,335650,-1
10:38:09,9.6,14,13440,1
10:38:00,9.6,34,32640,-1
10:37:57,9.6,11,10560,-1
10:37:51,9.6,2,1920,-1
10:37:48,9.6,175,168000,1
10:37:42,9.59,34,32606,-1
10:37:36,9.6,117,112320,1
10:37:33,9.6,105,100800,1
10:37:30,9.6,35,33600,1
10:37:27,9.6,229,219840,-1
10:37:21,9.6,111,106560,-1
10:37:18,9.6,37,35520,-1
10:37:15,9.6,12,11520,-1
10:37:12,9.61,192,184512,1
10:37:09,9.6,183,175680,-1
10:37:06,9.61,55,52855,1
10:37:03,9.61,25,24025,1
10:37:00,9.6,103,98880,-1
10:36:57,9.61,15,14415,1
10:36:54,9.6,44,42240,-1
10:36:51,9.61,52,49972,1
10:36:48,9.61,11,10571,1
10:36:45,9.6,15,14400,-1
10:36:42,9.6,75,72000,-1
10:36:39,9.61,2,1922,1
10:36:36,9.61,7,6727,1
10:36:30,9.61,4,3844,1
10:36:27,9.61,41,39401,-1
10:36:24,9.62,28,26935,1
10:36:21,9.61,211,202771,-1
10:36:18,9.62,87,83694,1
10:36:15,9.62,20,19240,1
10:36:06,9.62,25,24049,1
10:36:03,9.61,58,55738,-1
10:36:00,9.61,100,96100,-1
10:35:57,9.62,19,18278,1
10:35:54,9.61,5,4805,-1
10:35:51,9.62,97,93313,1
10:35:48,9.61,10,9610,-1
10:35:45,9.62,139,133718,1
10:35:42,9.61,150,144150,-1
10:35:39,9.62,15,14429,1
10:35:36,9.62,22,21164,1
10:35:33,9.62,361,347878,-1
10:35:30,9.62,70,67340,-1
10:35:27,9.62,51,49061,-1
10:35:24,9.62,1,961,-1
10:35:21,9.62,110,105819,-1
10:35:18,9.62,216,208157,1
10:35:15,9.62,50,48099,1
10:35:12,9.61,97,93217,-1
10:35:09,9.61,90,86490,-1
10:35:06,9.61,27,25947,-1
10:35:03,9.61,202,194122,-1
10:34:57,9.62,65,62529,1
10:34:54,9.62,88,84656,1
10:34:51,9.62,52,50023,1
10:34:45,9.61,187,179707,-1
10:34:42,9.61,2,1922,-1
10:34:39,9.62,168,161616,1
10:34:36,9.62,7,6733,1
10:34:33,9.62,25,24049,1
10:34:30,9.62,462,444443,-1
10:34:24,9.63,10,9630,1
10:34:21,9.62,26,25011,-1
10:34:15,9.62,368,354016,1
10:34:09,9.62,10,9620,1
10:34:06,9.61,10,9610,-1
10:33:57,9.62,162,155844,1
10:33:54,9.62,47,45213,1
10:33:48,9.62,30,28859,1
10:33:45,9.62,98,94275,1
10:33:42,9.61,107,102827,-1
10:33:36,9.61,2,1922,-1
10:33:33,9.62,200,192399,1
10:33:30,9.62,4,3847,1
10:33:27,9.62,95,91389,1
10:33:24,9.62,7,6733,1
10:33:21,9.62,38,36556,1
10:33:18,9.62,35,33670,1
10:33:15,9.62,2,1923,1
10:33:12,9.61,139,133579,-1
10:33:09,9.62,80,76960,1
10:33:03,9.61,48,46128,-1
10:33:00,9.62,20,19240,1
10:32:54,9.62,20,19240,1
10:32:51,9.62,50,48099,1
10:32:45,9.62,202,194323,1
10:32:42,9.61,35,33635,1
10:32:39,9.61,5,4805,1
10:32:36,9.61,20,19220,1
10:32:33,9.61,777,746697,1
10:32:30,9.61,50,48050,1
10:32:15,9.6,119,114240,1
10:32:12,9.6,78,74880,1
10:32:09,9.6,39,37440,1
10:32:06,9.59,363,348117,-1
10:32:00,9.59,2,1918,-1
10:31:57,9.59,74,70966,-1
10:31:54,9.6,62,59520,1
10:31:48,9.6,53,50880,1
10:31:45,9.6,12,11520,1
10:31:42,9.6,94,90240,1
10:31:39,9.59,105,100695,-1
10:31:36,9.6,6,5760,1
10:31:33,9.59,6,5754,-1
10:31:30,9.6,139,133440,1
10:31:27,9.6,60,57600,1
10:31:24,9.6,29,27840,1
10:31:21,9.59,8,7672,-1
10:31:18,9.6,100,96000,1
10:31:15,9.6,224,215040,1
10:31:12,9.6,59,56640,1
10:31:06,9.6,11,10560,1
10:31:03,9.6,10,9600,-1
10:31:00,9.61,7,6727,1
10:30:54,9.61,124,119164,1
10:30:48,9.61,77,73997,1
10:30:42,9.6,27,25920,1
10:30:39,9.59,14,13426,-1
10:30:36,9.59,155,148645,-1
10:30:33,9.6,357,342720,1
10:30:30,9.6,5,4800,1
10:30:27,9.59,320,306880,-1
10:30:21,9.6,139,133440,1
10:30:15,9.6,10,9600,1
10:30:12,9.59,50,47950,-1
10:30:06,9.59,42,40278,-1
10:30:00,9.59,5,4795,-1
10:29:57,9.59,35,33565,-1
10:29:54,9.6,30,28800,1
10:29:51,9.59,1,1812,-1
10:29:39,9.6,6,5760,1
10:29:36,9.6,10,9600,1
10:29:33,9.59,21,20139,-1
10:29:30,9.6,100,96000,1
10:29:27,9.58,26,24908,-1
10:29:24,9.6,28,26880,1
10:29:21,9.59,1,959,1
10:29:18,9.59,270,258930,-1
10:29:15,9.59,100,95900,-1
10:29:06,9.6,50,48000,1
10:29:03,9.59,5,4795,-1
10:29:00,9.6,5,4800,1
10:28:57,9.59,10,9590,-1
10:28:54,9.6,7,6720,1
10:28:48,9.6,100,96000,1
10:28:45,9.59,173,165907,-1
10:28:42,9.59,40,38360,-1
10:28:39,9.59,20,19180,-1
10:28:30,9.6,5,4800,1
10:28:24,9.59,5,4795,-1
10:28:21,9.59,25,23975,1
10:28:18,9.59,55,52745,1
10:28:15,9.59,30,28770,1
10:28:09,9.59,230,220570,-1
10:28:06,9.59,52,49868,-1
10:27:57,9.59,114,109326,-1
10:27:48,9.6,53,50880,1
10:27:45,9.59,29,27811,-1
10:27:39,9.59,9,8631,-1
10:27:36,9.59,84,80556,-1
10:27:33,9.59,1,959,-1
10:27:27,9.59,17,16303,-1
10:27:21,9.59,1,959,-1
10:27:18,9.59,8,7672,-1
10:27:15,9.59,1,959,-1
10:27:09,9.59,200,191800,-1
10:27:06,9.59,111,106449,1
10:27:03,9.59,58,55622,1
10:27:00,9.59,227,217693,1
10:26:51,9.59,53,50827,1
10:26:48,9.59,82,78638,-1
10:26:45,9.59,11,10549,-1
10:26:42,9.6,4,3840,1
10:26:39,9.59,30,28770,-1
10:26:36,9.59,2,1918,-1
10:26:33,9.59,59,56581,-1
10:26:30,9.59,8,7672,0
10:26:24,9.6,18,17280,1
10:26:21,9.58,26,24908,-1
10:26:18,9.59,111,106449,1
10:26:15,9.58,17,16286,-1
10:26:12,9.59,14,13426,1
10:26:06,9.58,35,33530,-1
10:26:03,9.59,9,8631,1
10:26:00,9.59,577,553343,1
10:25:57,9.59,2,1918,1
10:25:51,9.59,77,73843,1
10:25:48,9.59,73,70007,1
10:25:45,9.58,1,958,-1
10:25:39,9.59,217,208103,-1
10:25:36,9.59,291,279069,-1
10:25:33,9.59,34,32606,-1
10:25:30,9.59,13,12467,-1
10:25:24,9.59,25,23975,-1
10:25:18,9.59,138,132342,-1
10:25:12,9.59,6,5754,-1
10:25:09,9.59,3,2877,-1
10:25:00,9.59,56,53704,-1
10:24:57,9.59,118,113162,-1
10:24:54,9.59,5,4795,-1
10:24:51,9.6,2,1920,1
10:24:45,9.59,16,15344,-1
10:24:42,9.59,29,27811,1
10:24:36,9.59,101,96859,1
10:24:33,9.59,13,12467,1
10:24:30,9.59,81,77679,-1
10:24:27,9.6,36,34560,1
10:24:24,9.59,40,38360,-1
10:24:21,9.6,153,146880,1
10:24:18,9.59,75,71925,-1
10:24:15,9.59,20,19180,-1
10:24:12,9.6,1,960,1
10:24:09,9.59,35,33565,-1
10:24:06,9.6,20,19200,1
10:24:03,9.6,2,1920,1
10:24:00,9.59,43,41237,-1
10:23:57,9.59,12,11508,-1
10:23:54,9.6,1,960,1
10:23:51,9.6,28,26880,1
10:23:45,9.59,5,4795,-1
10:23:42,9.59,20,19180,-1
10:23:39,9.59,20,19180,-1
10:23:36,9.59,41,39319,-1
10:23:33,9.59,34,32606,-1
10:23:30,9.6,7,6720,1
10:23:27,9.6,4,3840,1
10:23:24,9.6,28,26880,1
10:23:21,9.6,53,50880,-1
10:23:18,9.61,230,221030,1
10:23:15,9.61,133,127812,1
10:23:12,9.61,96,92256,1
10:23:03,9.6,35,33600,-1
10:23:00,9.61,9,8649,1
10:22:57,9.61,67,64386,1
10:22:54,9.61,27,25947,0
10:22:48,9.6,22,21120,-1
10:22:45,9.61,172,165292,-1
10:22:39,9.61,15,14415,-1
10:22:36,9.62,13,12505,1
10:22:33,9.61,196,188356,-1
10:22:30,9.62,155,149110,1
10:22:27,9.6,45,43200,-1
10:22:24,9.61,3,2883,0
10:22:18,9.62,10,9620,0
10:22:15,9.63,310,298530,1
10:22:12,9.61,297,285417,-1
10:22:09,9.62,36,34632,1
10:22:06,9.61,29,27869,-1
10:22:03,9.62,30,28859,1
10:22:00,9.62,75,72150,1
10:21:57,9.62,50,48099,1
10:21:54,9.62,145,139490,1
10:21:48,9.62,10,9620,1
10:21:45,9.61,67,64386,-1
10:21:42,9.61,361,346921,0
10:21:39,9.62,111,106781,1
10:21:36,9.61,49,47089,1
10:21:33,9.61,130,124929,1
10:21:27,9.61,5,4805,1
10:21:24,9.61,111,106988,-1
10:21:21,9.62,63,60605,1
10:21:18,9.61,16,15376,-1
10:21:15,9.61,30,28830,-1
10:21:12,9.62,7,6733,1
10:21:09,9.61,266,256269,1
10:21:06,9.61,98,94178,1
10:21:00,9.61,20,19220,1
10:20:57,9.6,63,60480,1
10:20:54,9.6,12,11520,1
10:20:51,9.6,18,17280,1
10:20:48,9.6,218,209280,1
10:20:45,9.6,10,9600,1
10:20:42,9.6,7,6720,1
10:20:39,9.6,321,308160,1
10:20:36,9.6,8,7680,1
10:20:30,9.6,14,13440,1
10:20:27,9.58,10,9580,-1
10:20:21,9.58,3,2874,0
10:20:15,9.58,32,30656,-1
10:20:12,9.6,1508,1447680,1
10:20:09,9.58,290,277820,1
10:20:06,9.58,86,82388,1
10:20:03,9.57,42,40194,-1
10:20:00,9.59,570,546630,1
10:19:57,9.58,5,4790,0
10:19:51,9.57,145,138765,-1
10:19:39,9.58,368,352544,1
10:19:36,9.58,51,48858,1
10:19:33,9.57,1,957,-1
10:19:30,9.57,15,14355,-1
10:19:24,9.58,10,9580,1
10:19:21,9.57,5,4785,-1
10:19:18,9.57,10,9570,-1
10:19:15,9.57,14,13398,-1
10:19:12,9.57,31,29667,-1
10:19:09,9.57,420,402284,1
10:19:06,9.57,257,245949,1
10:19:03,9.57,61,58377,1
10:19:00,9.57,33,31581,1
10:18:57,9.57,12,11484,1
10:18:54,9.57,145,138765,1
10:18:48,9.56,130,124280,-1
10:18:45,9.57,160,153120,-1
10:18:42,9.57,10,9570,-1
10:18:39,9.57,183,175131,1
10:18:30,9.57,64,61248,1
10:18:27,9.57,529,506253,-1
10:18:21,9.57,2,1914,-1
10:18:15,9.58,10,9580,1
10:18:12,9.57,50,47850,-1
10:18:09,9.57,30,28710,1
10:18:03,9.57,23,22011,1
10:18:00,9.56,52,49712,-1
10:17:57,9.57,5,4785,0
10:17:51,9.58,206,197348,1
10:17:48,9.57,10,9570,-1
10:17:45,9.58,18,17244,1
10:17:39,9.57,39,37323,1
10:17:36,9.57,2,1914,1
10:17:33,9.57,215,205755,-1
10:17:30,9.57,55,52635,-1
10:17:27,9.57,55,52635,-1
10:17:24,9.57,60,57420,-1
10:17:21,9.57,5,4785,-1
10:17:18,9.57,100,95700,-1
10:17:15,9.58,101,96758,1
10:17:12,9.57,59,56463,-1
10:17:09,9.57,110,105270,-1
10:17:06,9.58,80,76640,1
10:17:03,9.57,5,4785,-1
10:16:57,9.58,136,130288,1
10:16:54,9.58,211,202138,-1
10:16:51,9.58,45,43110,-1
10:16:45,9.58,5,4790,-1
10:16:42,9.58,10,9580,-1
10:16:39,9.59,40,38360,1
10:16:36,9.58,96,91968,-1
10:16:33,9.59,8,7672,1
10:16:27,9.58,229,219382,1
10:16:24,9.58,12,11496,1
10:16:21,9.58,251,240458,-1
10:16:18,9.58,214,205012,-1
10:16:15,9.59,17,16303,1
10:16:06,9.59,8,7672,1
10:16:03,9.59,248,237832,-1
10:15:54,9.6,10,9600,1
10:15:51,9.59,50,47950,-1
10:15:48,9.6,32,30720,1
10:15:45,9.59,177,169743,1
10:15:39,9.59,557,534163,-1
10:15:36,9.6,134,128640,-1
10:15:33,9.6,231,221760,1
10:15:30,9.58,1,958,1
10:15:27,9.57,100,95700,-1
10:15:24,9.6,1177,1129920,1
10:15:21,9.58,2,1916,1
10:15:18,9.58,10,9580,1
10:15:15,9.58,706,676348,-1
10:15:12,9.59,21,20139,1
10:15:09,9.59,600,575400,1
10:15:06,9.59,8,7672,1
10:15:03,9.58,53,50774,-1
10:15:00,9.58,34,32572,-1
10:14:57,9.58,13,12454,-1
10:14:54,9.59,23,22057,1
10:14:48,9.59,116,111244,1
10:14:45,9.58,5,4790,-1
10:14:42,9.59,511,490049,1
10:14:39,9.59,52,49868,1
10:14:36,9.58,162,155196,-1
10:14:33,9.58,5,4790,-1
10:14:30,9.59,101,96859,1
10:14:27,9.58,141,135078,-1
10:14:24,9.58,92,88136,-1
10:14:18,9.59,11,10549,1
10:14:15,9.59,12,11508,1
10:14:12,9.59,16,15344,1
10:14:09,9.59,30,28770,1
10:14:06,9.59,3,2877,-1
10:14:03,9.59,103,98777,-1
10:14:00,9.59,235,225365,-1
10:13:57,9.59,6,5754,-1
10:13:54,9.59,43,41237,-1
10:13:51,9.59,70,67130,-1
10:13:48,9.6,30,28800,1
10:13:45,9.59,57,54663,-1
10:13:39,9.59,182,174538,-1
10:13:33,9.59,81,77679,-1
10:13:30,9.59,100,95900,-1
10:13:27,9.6,1,960,1
10:13:24,9.59,46,44114,-1
10:13:21,9.59,105,100695,-1
10:13:18,9.59,105,100695,-1
10:13:15,9.6,29,27840,1
10:13:12,9.6,486,466560,1
10:13:09,9.6,40,38400,1
10:13:06,9.6,8,7680,1
10:13:03,9.6,8,7680,1
10:13:00,9.6,2,1920,1
10:12:57,9.6,255,244800,1
10:12:54,9.6,475,456000,-1
10:12:51,9.61,10,9610,1
10:12:48,9.6,103,98880,-1
10:12:45,9.6,107,102720,-1
10:12:42,9.6,8,7680,-1
10:12:36,9.61,8,7688,1
10:12:33,9.61,291,279651,1
10:12:30,9.6,8,7680,-1
10:12:27,9.61,52,49972,1
10:12:24,9.61,88,84568,1
10:12:21,9.61,110,105710,1
10:12:18,9.61,30,28830,1
10:12:15,9.61,26,24986,1
10:12:06,9.6,59,56640,-1
10:12:03,9.61,2,1922,0
10:11:54,9.6,44,42240,-1
10:11:51,9.6,48,46080,-1
10:11:48,9.62,105,101009,1
10:11:45,9.6,314,301440,-1
10:11:42,9.6,11,10560,-1
10:11:39,9.6,190,182400,-1
10:11:36,9.6,10,9600,-1
10:11:33,9.6,32,30720,-1
10:11:30,9.6,7,6720,-1
10:11:27,9.6,49,47040,-1
10:11:24,9.62,270,259739,1
10:11:21,9.62,103,99085,1
10:11:18,9.61,23,22103,-1
10:11:09,9.6,506,485760,-1
10:11:06,9.61,4,3844,-1
10:11:03,9.61,35,33635,0
10:11:00,9.62,11,10582,1
10:10:54,9.63,352,338976,1
10:10:51,9.61,2,1922,0
10:10:48,9.6,600,576000,-1
10:10:45,9.62,56,53871,-1
10:10:42,9.62,663,637806,-1
10:10:39,9.62,92,88504,-1
10:10:36,9.62,1175,1130350,1
10:10:33,9.61,2,1922,1
10:10:30,9.62,1256,1208272,1
10:10:27,9.62,20,19240,1
10:10:24,9.61,200,192200,-1
10:10:21,9.62,155,149110,1
10:10:15,9.61,10,9610,-1
10:10:12,9.61,10,9610,-1
10:10:09,9.62,51,49061,1
10:10:06,9.61,2,1922,-1
10:10:00,9.62,11,10582,1
10:09:57,9.62,178,171236,-1
10:09:54,9.62,25,24049,1
10:09:51,9.61,76,73036,-1
10:09:48,9.62,383,368445,1
10:09:45,9.61,15,14415,-1
10:09:42,9.62,75,72150,-1
10:09:39,9.62,17,16353,-1
10:09:36,9.62,452,434823,-1
10:09:33,9.62,45,43290,-1
10:09:30,9.63,250,240750,1
10:09:27,9.63,10,9630,1
10:09:24,9.62,15,14429,-1
10:09:21,9.62,6,5771,-1
10:09:18,9.62,67,64453,-1
10:09:15,9.63,41,39483,1
10:09:12,9.62,344,330928,-1
10:09:06,9.62,15,14429,-1
10:09:03,9.62,4,3847,-1
10:09:00,9.63,121,116523,1
10:08:57,9.63,1,963,1
10:08:54,9.63,20,19260,1
10:08:51,9.63,100,96300,1
10:08:48,9.63,113,108819,1
10:08:45,9.62,8,7695,-1
10:08:42,9.63,257,247500,-1
10:08:39,9.64,761,733604,1
10:08:36,9.63,90,86670,-1
10:08:33,9.63,220,211860,-1
10:08:30,9.63,125,120375,-1
10:08:27,9.63,45,43335,-1
10:08:24,9.63,129,124227,-1
10:08:21,9.64,25,24100,1
10:08:18,9.64,252,242928,1
10:08:15,9.64,12,11568,1
10:08:12,9.64,212,204368,-1
10:08:09,9.65,36,34740,1
10:08:06,9.64,200,192800,-1
10:08:03,9.64,6,5784,-1
10:08:00,9.65,1305,1259325,1
10:07:57,9.65,39,37635,1
10:07:54,9.65,222,214230,-1
10:07:51,9.65,591,570315,-1
10:07:48,9.65,163,157295,1
10:07:45,9.64,35,33740,-1
10:07:42,9.65,26,25090,0
10:07:39,9.66,111,107226,1
10:07:36,9.64,132,127248,-1
10:07:33,9.64,353,340292,-1
10:07:30,9.65,75,72375,-1
10:07:27,9.65,70,67550,0
10:07:24,9.66,494,477204,1
10:07:21,9.64,67,64588,-1
10:07:18,9.64,770,742280,-1
10:07:15,9.64,20,19280,-1
10:07:12,9.64,1616,1558778,1
10:07:09,9.64,82,79048,1
10:07:06,9.64,459,442476,1
10:07:03,9.64,173,166772,1
10:07:00,9.64,204,196656,1
10:06:57,9.64,116,111824,1
10:06:54,9.64,935,901340,1
10:06:51,9.64,262,252568,1
10:06:48,9.63,473,455499,-1
10:06:45,9.63,44,42372,-1
10:06:42,9.64,40,38560,1
10:06:39,9.63,98,94374,-1
10:06:36,9.63,215,207045,-1
10:06:33,9.64,1,964,1
10:06:30,9.63,146,140598,-1
10:06:27,9.63,224,215712,-1
10:06:24,9.63,12,11556,-1
10:06:21,9.63,36,34668,-1
10:06:18,9.63,322,310086,1
10:06:15,9.61,68,65347,-1
10:06:12,9.62,7,6733,-1
10:06:09,9.62,50,48099,-1
10:06:06,9.62,100,96199,1
10:06:03,9.61,22,21142,1
10:06:00,9.61,297,285417,1
10:05:57,9.61,46,44206,1
10:05:54,9.61,76,73036,1
10:05:45,9.6,8,7680,-1
10:05:42,9.63,600,577800,1
10:05:36,9.6,16,16032,1
10:05:33,9.59,131,125916,-1
10:05:30,9.61,67,64386,-1
10:05:27,9.61,767,737759,1
10:05:24,9.58,46,44068,-1
10:05:18,9.6,10,9600,1
10:05:12,9.58,230,220340,-1
10:05:03,9.59,21,20139,0
10:05:00,9.58,10,9580,-1
10:04:57,9.58,447,428226,-1
10:04:54,9.58,25,24227,-1
10:04:51,9.58,334,319972,1
10:04:42,9.58,340,325720,1
10:04:39,9.58,39,37362,1
10:04:36,9.57,10,9570,-1
10:04:33,9.58,384,367872,-1
10:04:30,9.59,30,28770,1
10:04:27,9.58,276,264408,1
10:04:24,9.58,20,19160,1
10:04:21,9.58,100,95800,1
10:04:18,9.58,429,410982,-1
10:04:15,9.58,5,4790,-1
10:04:09,9.58,108,103464,1
10:04:06,9.58,30,28740,1
10:04:03,9.58,188,180104,1
10:04:00,9.57,30,28710,-1
10:03:57,9.57,717,686169,-1
10:03:54,9.58,10,9580,1
10:03:51,9.57,30,28710,1
10:03:48,9.56,40,38240,-1
10:03:45,9.56,56,53536,-1
10:03:42,9.56,12,11472,-1
10:03:36,9.56,94,89864,1
10:03:33,9.55,718,685690,-1
10:03:30,9.57,40,38280,-1
10:03:27,9.56,252,240912,-1
10:03:21,9.56,107,102292,-1
10:03:18,9.56,116,110896,-1
10:03:15,9.56,49,46844,-1
10:03:12,9.56,605,578380,1
10:03:06,9.56,28,26768,1
10:03:03,9.56,96,91776,1
10:03:00,9.55,20,19100,-1
10:02:57,9.57,872,834504,1
10:02:54,9.55,257,245435,-1
10:02:51,9.56,39,37284,-1
10:02:48,9.56,32,30592,-1
10:02:45,9.56,271,259076,1
10:02:42,9.55,159,151845,1
10:02:39,9.55,10,9550,1
10:02:36,9.55,50,47750,-1
10:02:33,9.56,212,202672,1
10:02:30,9.55,13,12415,0
10:02:24,9.56,11,10516,1
10:02:21,9.55,1837,1754335,-1
10:02:18,9.56,26,24856,-1
10:02:15,9.57,201,192357,1
10:02:12,9.57,357,341649,-1
10:02:09,9.57,165,157905,-1
10:02:06,9.57,21,20097,-1
10:02:03,9.58,15,14370,1
10:02:00,9.58,10,9580,1
10:01:57,9.58,15,14370,-1
10:01:54,9.58,23,22034,-1
10:01:51,9.58,4,3832,-1
10:01:48,9.57,33,31581,-1
10:01:45,9.58,25,23950,1
10:01:42,9.57,526,503382,-1
10:01:39,9.57,69,66033,-1
10:01:36,9.58,449,430429,-1
10:01:33,9.58,7,6706,-1
10:01:30,9.58,80,76640,-1
10:01:27,9.58,45,43110,-1
10:01:24,9.58,14,14082,1
10:01:21,9.58,20,19160,1
10:01:18,9.58,729,698382,1
10:01:15,9.58,27,25866,1
10:01:12,9.57,17,16269,-1
10:01:09,9.57,1,957,-1
10:01:06,9.57,102,97614,-1
10:01:00,9.58,190,182020,1
10:00:57,9.58,79,75682,1
10:00:54,9.57,116,111012,-1
10:00:51,9.58,202,193516,1
10:00:48,9.57,74,70818,-1
10:00:45,9.58,110,105380,1
10:00:42,9.58,55,52690,1
10:00:39,9.58,143,137281,-1
10:00:36,9.59,61,58499,1
10:00:33,9.58,20,19160,-1
10:00:30,9.58,120,114960,-1
10:00:27,9.58,35,33530,-1
10:00:24,9.58,459,439722,-1
10:00:21,9.58,17,16286,-1
10:00:18,9.59,10,9590,1
10:00:15,9.58,38,36404,-1
10:00:09,9.58,23,22034,-1
10:00:06,9.58,10,9580,-1
10:00:03,9.59,20,19180,1
10:00:00,9.58,236,226088,-1
09:59:57,9.6,56,53760,-1
09:59:54,9.6,225,216000,-1
09:59:51,9.6,27,25920,-1
09:59:48,9.61,4,3844,1
09:59:45,9.59,15,14385,-1
09:59:42,9.61,131,125890,1
09:59:39,9.6,13,12480,1
09:59:36,9.6,33,31680,1
09:59:33,9.58,32,30656,-1
09:59:30,9.6,284,272640,-1
09:59:27,9.62,80,76960,-1
09:59:24,9.62,2171,2088501,1
09:59:21,9.6,212,203520,-1
09:59:18,9.6,7,6720,-1
09:59:15,9.61,9,8649,1
09:59:09,9.61,7,6727,0
09:59:06,9.6,151,144960,-1
09:59:03,9.61,120,115320,-1
09:59:00,9.61,67,64386,1
09:58:57,9.6,11,10560,-1
09:58:54,9.6,481,461760,-1
09:58:51,9.6,356,341760,-1
09:58:48,9.61,5,4805,1
09:58:45,9.61,30,28830,1
09:58:42,9.62,811,780181,1
09:58:39,9.62,14,13467,1
09:58:36,9.61,84,80724,-1
09:58:33,9.62,37,35594,1
09:58:30,9.61,932,895652,-1
09:58:27,9.61,223,214303,-1
09:58:24,9.63,1102,1061226,1
09:58:21,9.62,115,110629,1
09:58:18,9.62,20,19240,1
09:58:15,9.62,73,70226,1
09:58:12,9.61,26,24986,-1
09:58:06,9.62,1,961,1
09:58:03,9.61,202,194122,-1
09:58:00,9.63,46,44298,1
09:57:57,9.62,111,106781,-1
09:57:54,9.62,24,23087,-1
09:57:51,9.62,25,24049,0
09:57:45,9.61,510,490110,-1
09:57:42,9.62,25,24049,1
09:57:39,9.62,11,10582,1
09:57:36,9.61,135,129734,-1
09:57:33,9.62,10,9620,1
09:57:30,9.62,112,107743,1
09:57:27,9.61,233,223913,-1
09:57:24,9.61,55,52855,-1
09:57:21,9.62,289,278018,1
09:57:18,9.61,113,108593,-1
09:57:15,9.61,78,74958,-1
09:57:12,9.61,203,195083,-1
09:57:09,9.61,79,75919,-1
09:57:06,9.62,3,2885,0
09:56:54,9.61,337,324606,-1
09:56:51,9.62,663,637806,1
09:56:48,9.61,201,193161,-1
09:56:45,9.62,13,12505,1
09:56:42,9.61,50,48050,-1
09:56:39,9.62,57,54833,1
09:56:36,9.61,195,187395,-1
09:56:33,9.61,109,104749,-1
09:56:30,9.61,539,517978,-1
09:56:27,9.62,21,20202,1
09:56:24,9.62,14,13467,1
09:56:21,9.62,248,238575,1
09:56:18,9.62,29,27897,-1
09:56:15,9.63,203,195489,1
09:56:12,9.61,59,57583,-1
09:56:09,9.62,100,96199,0
09:56:06,9.63,533,513279,1
09:56:03,9.62,178,171236,1
09:56:00,9.62,308,296296,-1
09:55:57,9.62,231,222221,-1
09:55:54,9.63,80,77040,1
09:55:51,9.63,382,367866,1
09:55:48,9.63,167,160821,1
09:55:45,9.63,21,20223,1
09:55:42,9.62,241,231841,-1
09:55:39,9.63,5,4815,1
09:55:33,9.63,63,60669,1
09:55:30,9.63,6,5778,1
09:55:27,9.62,1,961,0
09:55:21,9.63,244,234972,1
09:55:18,9.61,99,95139,-1
09:55:15,9.62,109,104857,0
09:55:12,9.61,34,32673,-1
09:55:09,9.62,64,61567,1
09:55:06,9.62,209,201057,1
09:55:03,9.62,38,36556,1
09:55:00,9.62,16,15391,1
09:54:57,9.61,5,4805,-1
09:54:54,9.62,9,8658,1
09:54:51,9.62,240,230879,1
09:54:48,9.62,1,961,1
09:54:45,9.62,164,157768,-1
09:54:42,9.63,254,244602,1
09:54:39,9.62,141,135642,1
09:54:36,9.61,596,572756,-1
09:54:33,9.62,104,100047,-1
09:54:30,9.62,76,73112,-1
09:54:27,9.62,18,17316,-1
09:54:24,9.62,67,64453,-1
09:54:21,9.62,95,91389,1
09:54:18,9.61,14,13454,0
09:54:15,9.62,84,80808,1
09:54:12,9.61,37,35557,0
09:54:09,9.6,1,960,-1
09:54:06,9.62,603,580086,1
09:54:03,9.61,25,24025,0
09:54:00,9.6,1428,1370880,-1
09:53:57,9.62,30,28859,-1
09:53:54,9.62,185,177970,1
09:53:51,9.62,141,135642,1
09:53:48,9.62,63,60605,1
09:53:45,9.62,220,211639,0
09:53:39,9.63,53,51039,1
09:53:36,9.62,133,128022,-1
09:53:33,9.62,25,24049,-1
09:53:30,9.63,83,79929,1
09:53:27,9.62,9,8658,-1
09:53:24,9.62,225,216449,-1
09:53:21,9.62,36,34632,-1
09:53:18,9.62,12,11543,-1
09:53:15,9.62,40,38480,-1
09:53:12,9.62,210,202905,-1
09:53:09,9.62,2,1923,-1
09:53:06,9.62,43,41366,-1
09:53:03,9.62,64,61567,1
09:53:00,9.62,88,84656,1
09:52:57,9.62,249,239537,1
09:52:54,9.62,35,33670,1
09:52:51,9.62,163,156806,-1
09:52:48,9.63,39,37557,1
09:52:45,9.63,28,26964,1
09:52:42,9.62,186,178932,-1
09:52:39,9.63,16,15408,1
09:52:36,9.63,15,14445,1
09:52:33,9.63,50,48150,1
09:52:30,9.63,193,185859,1
09:52:27,9.63,114,109782,-1
09:52:24,9.63,33,31779,-1
09:52:21,9.63,145,139635,1
09:52:18,9.63,973,936999,-1
09:52:15,9.65,144,138960,1
09:52:12,9.64,5,4820,1
09:52:09,9.64,1951,1880764,1
09:52:06,9.64,473,455972,1
09:52:03,9.64,351,338364,-1
09:52:00,9.64,628,605392,-1
09:51:57,9.65,64,61760,1
09:51:54,9.64,90,86760,1
09:51:51,9.64,244,235216,-1
09:51:48,9.64,20,19280,-1
09:51:45,9.65,473,456445,1
09:51:42,9.64,127,122428,1
09:51:39,9.63,534,514242,-1
09:51:36,9.64,54,52056,1
09:51:33,9.65,2286,2205990,1
09:51:30,9.64,640,616960,-1
09:51:27,9.64,437,421268,-1
09:51:24,9.65,577,556805,1
09:51:21,9.65,127,122555,1
09:51:18,9.64,147,141708,-1
09:51:15,9.65,57,55005,1
09:51:12,9.64,160,154240,-1
09:51:09,9.64,413,398132,-1
09:51:06,9.64,40,38560,-1
09:51:03,9.65,781,753665,1
09:51:00,9.63,836,805068,-1
09:50:57,9.64,704,678656,1
09:50:54,9.64,211,203404,1
09:50:51,9.63,875,842625,-1
09:50:48,9.64,425,409700,-1
09:50:45,9.65,150,144750,1
09:50:42,9.63,991,954333,-1
09:50:39,9.64,753,725892,1
09:50:36,9.64,21,20244,1
09:50:33,9.63,130,125190,-1
09:50:30,9.64,46,44344,1
09:50:27,9.63,126,121338,-1
09:50:24,9.64,302,291128,1
09:50:21,9.62,1114,1071668,-1
09:50:18,9.63,332,319716,1
09:50:15,9.63,27,26001,1
09:50:12,9.63,22,21186,1
09:50:09,9.62,129,124097,0
09:50:06,9.62,322,309764,-1
09:50:03,9.63,639,615357,1
09:50:00,9.62,2,1923,1
09:49:57,9.61,123,118203,1
09:49:54,9.61,189,181629,-1
09:49:51,9.62,124,119287,0
09:49:48,9.6,1349,1295040,-1
09:49:45,9.61,122,117242,-1
09:49:42,9.61,542,520861,-1
09:49:39,9.61,669,642909,1
09:49:36,9.6,279,267840,-1
09:49:33,9.61,68,65347,1
09:49:30,9.6,238,228480,-1
09:49:27,9.61,101,97061,1
09:49:24,9.61,42,40362,1
09:49:21,9.61,30,28830,1
09:49:18,9.61,119,114359,1
09:49:15,9.6,222,213120,1
09:49:12,9.6,1271,1220160,-1
09:49:09,9.61,108,103788,-1
09:49:06,9.61,1732,1664452,0
09:49:03,9.62,139,133718,1
09:49:00,9.62,145,139490,0
09:48:57,9.61,480,461280,-1
09:48:54,9.61,1218,1170498,-1
09:48:51,9.62,188,180855,1
09:48:48,9.62,178,171236,1
09:48:45,9.62,128,123135,1
09:48:42,9.6,426,408960,1
09:48:39,9.6,255,244800,1
09:48:36,9.6,2709,2600851,-1
09:48:33,9.62,708,681932,1
09:48:30,9.61,68,65347,0
09:48:27,9.6,18,17280,-1
09:48:24,9.61,268,258422,1
09:48:21,9.6,373,358080,1
09:48:18,9.6,216,207360,1
09:48:15,9.6,424,407040,1
09:48:09,9.6,59,56640,1
09:48:06,9.58,312,298896,-1
09:48:03,9.58,599,573842,-1
09:48:00,9.58,706,676348,1
09:47:48,9.56,135,129060,-1
09:47:45,9.57,10,9570,-1
09:47:42,9.57,5,4785,-1
09:47:39,9.57,18,17226,1
09:47:36,9.56,72,68832,-1
09:47:33,9.56,503,480868,-1
09:47:30,9.57,26,24882,1
09:47:27,9.55,323,308465,-1
09:47:21,9.55,10,9550,-1
09:47:18,9.55,130,124150,-1
09:47:15,9.55,20,19100,-1
09:47:12,9.56,7,6692,1
09:47:09,9.55,15,14325,-1
09:47:06,9.55,92,87860,-1
09:47:03,9.55,916,874780,-1
09:46:57,9.56,5,4780,1
09:46:54,9.56,16,15296,1
09:46:51,9.55,115,109825,-1
09:46:48,9.56,79,75524,1
09:46:45,9.55,30,28650,-1
09:46:42,9.56,5,4780,1
09:46:36,9.56,22,21032,1
09:46:33,9.56,632,604192,1
09:46:30,9.56,184,175904,-1
09:46:24,9.56,151,144356,-1
09:46:21,9.57,59,56463,1
09:46:18,9.56,150,143400,-1
09:46:15,9.57,13,12441,1
09:46:12,9.57,331,316767,1
09:46:09,9.57,38,36366,-1
09:46:06,9.57,79,75603,-1
09:46:03,9.57,385,368445,-1
09:46:00,9.57,78,74646,-1
09:45:57,9.58,2,1916,1
09:45:54,9.58,20,19160,1
09:45:51,9.57,42,40194,-1
09:45:48,9.58,2,1916,-1
09:45:45,9.57,98,93786,-1
09:45:42,9.58,191,182978,1
09:45:39,9.57,676,646932,-1
09:45:33,9.59,159,152481,1
09:45:30,9.59,78,74802,1
09:45:27,9.58,65,62270,1
09:45:24,9.58,50,47900,0
09:45:21,9.59,235,225365,1
09:45:15,9.59,9,8631,1
09:45:12,9.57,474,453618,-1
09:45:09,9.59,11,10549,1
09:45:06,9.59,59,56581,1
09:45:03,9.59,125,119875,1
09:45:00,9.58,21,20127,-1
09:44:57,9.58,75,71850,-1
09:44:54,9.59,77,73843,1
09:44:51,9.59,56,53704,1
09:44:48,9.58,321,307518,-1
09:44:42,9.58,519,498150,1
09:44:39,9.56,154,147224,-1
09:44:36,9.58,124,118792,1
09:44:33,9.57,48,45936,-1
09:44:27,9.57,160,153120,1
09:44:24,9.58,237,227046,1
09:44:21,9.56,82,78392,-1
09:44:18,9.56,28,26768,-1
09:44:15,9.57,133,127281,1
09:44:12,9.56,10,9560,-1
09:44:09,9.56,3,2868,-1
09:44:06,9.56,2293,2192108,1
09:44:03,9.55,62,59210,-1
09:44:00,9.55,40,38200,-1
09:43:57,9.56,36,34416,1
09:43:54,9.56,53,50668,1
09:43:51,9.55,10,9550,-1
09:43:48,9.55,45,42975,-1
09:43:42,9.55,40,38200,-1
09:43:39,9.55,10,9550,-1
09:43:36,9.55,61,59181,1
09:43:33,9.55,132,126060,1
09:43:30,9.55,8,7640,1
09:43:27,9.55,30,28650,1
09:43:24,9.54,227,216557,-1
09:43:21,9.55,396,378180,1
09:43:15,9.54,72,68688,-1
09:43:12,9.55,20,19100,1
09:43:09,9.55,228,217740,1
09:43:06,9.54,212,202247,-1
09:43:03,9.54,81,77274,-1
09:43:00,9.55,203,193865,1
09:42:54,9.54,26,24803,-1
09:42:51,9.54,104,99215,-1
09:42:48,9.54,5,4770,-1
09:42:45,9.54,16,15263,-1
09:42:42,9.54,279,266166,1
09:42:36,9.54,100,95399,1
09:42:33,9.53,50,47650,-1
09:42:30,9.53,20,19060,-1
09:42:27,9.54,252,240407,1
09:42:21,9.53,190,181070,-1
09:42:18,9.54,88,83951,1
09:42:15,9.53,58,55273,-1
09:42:12,9.53,60,57179,-1
09:42:09,9.53,8,7623,-1
09:42:06,9.54,303,289062,1
09:42:03,9.53,33,32335,-1
09:42:00,9.53,146,139138,-1
09:41:57,9.53,51,48603,-1
09:41:54,9.53,294,280182,-1
09:41:51,9.54,130,124019,1
09:41:48,9.53,79,75287,-1
09:41:39,9.55,30,28650,1
09:41:36,9.53,73,69597,-1
09:41:33,9.55,543,519491,1
09:41:30,9.53,11,10483,1
09:41:27,9.53,337,321161,1
09:41:24,9.53,1995,1901263,-1
09:41:21,9.56,5,4780,1
09:41:18,9.55,386,369575,1
09:41:15,9.54,37,35298,1
09:41:12,9.54,457,435987,-1
09:41:09,9.55,160,152800,1
09:41:06,9.55,14,13370,0
09:41:03,9.54,114,108755,-1
09:41:00,9.55,238,227290,-1
09:40:57,9.55,759,725790,1
09:40:54,9.54,15,14309,-1
09:40:51,9.55,151,144205,1
09:40:48,9.55,132,126060,1
09:40:45,9.55,81,77355,1
09:40:42,9.54,43,41021,-1
09:40:39,9.55,82,78310,1
09:40:36,9.55,36,34380,1
09:40:33,9.54,358,341531,-1
09:40:30,9.55,93,88815,1
09:40:27,9.55,20,19100,1
09:40:24,9.55,20,19100,1
09:40:21,9.55,14,13370,1
09:40:18,9.54,264,251865,-1
09:40:09,9.55,215,206270,1
09:40:06,9.54,9,8586,-1
09:40:03,9.54,32,30527,-1
09:40:00,9.55,35,33425,1
09:39:57,9.53,223,212519,-1
09:39:54,9.55,150,143250,1
09:39:51,9.54,73,69642,-1
09:39:48,9.55,51,48705,1
09:39:45,9.54,725,691649,0
09:39:42,9.53,11,10483,-1
09:39:39,9.54,32,30527,0
09:39:36,9.53,217,206801,-1
09:39:33,9.54,64,61990,1
09:39:30,9.53,418,398354,1
09:39:27,9.53,139,132467,1
09:39:24,9.52,121,115192,-1
09:39:21,9.52,118,112336,-1
09:39:18,9.53,148,141044,1
09:39:15,9.52,90,85680,-1
09:39:12,9.52,23,21896,-1
09:39:09,9.52,242,230650,1
09:39:06,9.51,132,125532,-1
09:39:03,9.51,601,571551,-1
09:39:00,9.51,123,116973,-1
09:38:57,9.51,303,288153,1
09:38:54,9.51,1453,1381803,1
09:38:51,9.51,543,516393,1
09:38:48,9.5,128,121600,-1
09:38:45,9.51,279,265329,1
09:38:42,9.51,176,167376,1
09:38:39,9.51,399,379449,1
09:38:36,9.5,180,171000,-1
09:38:33,9.51,286,272898,-1
09:38:30,9.52,668,635936,1
09:38:27,9.51,380,361380,1
09:38:24,9.5,519,493050,-1
09:38:21,9.51,56,53256,1
09:38:18,9.51,617,586767,1
09:38:15,9.51,99,94149,0
09:38:12,9.5,2620,2489000,-1
09:38:09,9.51,633,602886,-1
09:38:06,9.51,500,475500,-1
09:38:03,9.51,221,210171,-1
09:38:00,9.52,578,550256,1
09:37:57,9.51,39,37089,-1
09:37:54,9.51,248,235848,-1
09:37:51,9.52,1224,1165248,-1
09:37:48,9.53,175,166775,1
09:37:45,9.52,603,574056,-1
09:37:42,9.53,330,314490,1
09:37:39,9.53,535,509854,-1
09:37:36,9.53,412,392636,-1
09:37:33,9.53,673,641369,-1
09:37:30,9.53,364,346892,-1
09:37:27,9.53,338,322114,-1
09:37:24,9.53,44,41932,-1
09:37:21,9.54,464,442655,1
09:37:18,9.54,1502,1433680,-1
09:37:15,9.55,61,58255,1
09:37:12,9.54,273,260441,-1
09:37:09,9.56,156,149136,1
09:37:06,9.56,12,11472,1
09:37:03,9.55,160,152800,-1
09:37:00,9.56,211,201716,-1
09:36:57,9.56,115,109940,-1
09:36:54,9.56,66,63096,-1
09:36:51,9.56,249,238044,-1
09:36:48,9.56,411,392916,1
09:36:45,9.56,1045,999020,1
09:36:42,9.56,830,793480,1
09:36:39,9.56,86,82216,-1
09:36:36,9.57,79,75603,1
09:36:33,9.56,208,198848,-1
09:36:30,9.56,131,125236,-1
09:36:27,9.56,40,38240,-1
09:36:24,9.55,139,132745,-1
09:36:21,9.57,325,311025,1
09:36:18,9.57,26,24882,1
09:36:15,9.56,126,120456,1
09:36:12,9.56,74,70744,-1
09:36:09,9.56,219,209364,-1
09:36:06,9.57,17,16269,1
09:36:03,9.56,195,186420,-1
09:36:00,9.56,361,345116,-1
09:35:57,9.57,404,386628,1
09:35:54,9.57,17,16269,1
09:35:51,9.56,19,18164,-1
09:35:48,9.56,31,29636,-1
09:35:45,9.57,268,256476,0
09:35:42,9.56,66,63096,0
09:35:39,9.55,287,274085,-1
09:35:36,9.56,62,59272,-1
09:35:33,9.57,600,574200,1
09:35:30,9.56,82,78392,-1
09:35:27,9.57,708,677556,1
09:35:24,9.57,109,104313,1
09:35:21,9.57,96,91872,1
09:35:18,9.57,106,101442,1
09:35:15,9.57,225,215325,-1
09:35:12,9.57,26,24882,-1
09:35:09,9.58,266,254828,1
09:35:06,9.57,30,28710,-1
09:35:03,9.57,36,34452,-1
09:35:00,9.58,41,39278,1
09:34:57,9.56,254,242824,-1
09:34:54,9.57,32,30624,0
09:34:51,9.58,422,404276,1
09:34:48,9.57,91,87087,1
09:34:45,9.56,273,260988,-1
09:34:42,9.57,18,17226,-1
09:34:39,9.56,767,733252,-1
09:34:36,9.57,115,110055,1
09:34:33,9.56,111,106116,-1
09:34:30,9.56,258,247173,1
09:34:27,9.55,163,156094,-1
09:34:24,9.57,79,75947,-1
09:34:21,9.58,60,57480,1
09:34:18,9.56,365,348940,-1
09:34:15,9.56,112,107253,-1
09:34:12,9.56,105,100380,-1
09:34:09,9.57,100,95700,1
09:34:06,9.55,140,133700,-1
09:34:03,9.57,607,580899,1
09:34:00,9.57,61,58377,1
09:33:57,9.56,61,58316,1
09:33:54,9.55,317,302735,-1
09:33:45,9.56,841,804607,1
09:33:42,9.55,316,301780,-1
09:33:39,9.55,17,16235,-1
09:33:36,9.55,159,151845,-1
09:33:33,9.55,5,4775,-1
09:33:30,9.55,117,111735,1
09:33:27,9.55,78,74490,1
09:33:24,9.55,75,71625,1
09:33:21,9.54,332,316728,-1
09:33:18,9.54,117,111617,0
09:33:15,9.53,466,444097,0
09:33:12,9.54,304,290016,1
09:33:09,9.54,2046,1951883,1
09:33:06,9.53,172,163916,-1
09:33:03,9.54,593,565722,1
09:33:00,9.54,252,240407,1
09:32:57,9.54,263,250901,1
09:32:54,9.54,467,445517,-1
09:32:51,9.55,172,164260,1
09:32:48,9.55,832,794560,1
09:32:45,9.55,371,354305,1
09:32:42,9.55,314,299870,-1
09:32:39,9.55,838,800290,-1
09:32:36,9.56,36,34416,1
09:32:33,9.55,51,48705,-1
09:32:30,9.56,1151,1100356,-1
09:32:27,9.57,290,277530,-1
09:32:24,9.59,115,110285,1
09:32:21,9.58,244,233752,1
09:32:18,9.58,124,118792,1
09:32:15,9.58,89,85262,1
09:32:12,9.58,1925,1844150,-1
09:32:09,9.6,20,19200,1
09:32:06,9.59,110,105490,0
09:32:03,9.59,92,88228,-1
09:32:00,9.6,169,162240,1
09:31:57,9.59,503,482453,-1
09:31:54,9.59,653,626227,-1
09:31:51,9.59,822,789180,1
09:31:48,9.59,368,352912,1
09:31:45,9.59,141,135219,1
09:31:42,9.58,115,110170,-1
09:31:39,9.59,43,41237,1
09:31:36,9.59,2195,2105005,1
09:31:33,9.59,311,298249,1
09:31:30,9.58,453,433974,1
09:31:27,9.58,382,365956,1
09:31:24,9.58,385,368830,1
09:31:21,9.57,247,236379,-1
09:31:18,9.58,146,139868,1
09:31:15,9.57,150,143550,0
09:31:12,9.58,78,74724,1
09:31:09,9.58,223,213634,1
09:31:06,9.58,123,117834,1
09:31:03,9.57,60,57506,-1
09:31:00,9.57,113,108141,-1
09:30:57,9.57,101,96657,-1
09:30:54,9.58,718,687844,1
09:30:51,9.58,613,587254,1
09:30:48,9.58,184,176272,1
09:30:45,9.59,59,56581,1
09:30:42,9.59,245,235827,1
09:30:39,9.57,186,178002,-1
09:30:36,9.58,40,38320,-1
09:30:33,9.58,350,335300,1
09:30:30,9.58,6,5748,1
09:30:27,9.58,29,27782,1
09:30:24,9.58,39,37362,1
09:30:21,9.56,335,320260,-1
09:30:18,9.59,238,228242,0
09:30:15,9.58,109,104422,-1
09:30:12,9.6,20,19200,1
09:30:09,9.59,478,458402,1
09:30:06,9.59,2300,2205700,1
09:30:03,9.58,585,560430,-1
09:25:03,9.61,6782,6517502,1
