timestamp,price,volume,turnover,direction
15:00:03,10.18,20327,20693771,1
14:57:03,10.18,1885,1918930,1
14:57:00,10.18,138,140484,1
14:56:57,10.18,368,374624,1
14:56:54,10.17,273,277641,-1
14:56:51,10.17,913,928521,0
14:56:48,10.18,743,756374,1
14:56:45,10.17,1164,1183788,-1
14:56:42,10.18,80,81440,1
14:56:39,10.17,315,320355,-1
14:56:36,10.17,231,235547,-1
14:56:33,10.17,788,801396,1
14:56:30,10.17,111,112887,1
14:56:27,10.17,112,113904,1
14:56:24,10.17,127,129159,0
14:56:21,10.16,471,478536,-1
14:56:18,10.17,155,157635,-1
14:56:15,10.17,563,572571,1
14:56:12,10.16,265,269240,-1
14:56:09,10.16,1363,1384808,-1
14:56:06,10.16,1342,1363472,-1
14:56:03,10.16,602,612414,1
14:56:00,10.16,2559,2599944,1
14:55:57,10.15,323,327845,-1
14:55:54,10.15,379,384685,-1
14:55:51,10.16,86,87376,1
14:55:48,10.16,321,326136,-1
14:55:45,10.16,229,232664,-1
14:55:42,10.16,1141,1159256,-1
14:55:39,10.16,747,758952,1
14:55:36,10.16,380,386080,-1
14:55:33,10.17,229,232893,1
14:55:30,10.16,234,237744,1
14:55:27,10.16,177,179832,1
14:55:24,10.16,988,1004031,-1
14:55:21,10.17,260,265213,1
14:55:18,10.17,655,666135,1
14:55:15,10.17,782,795294,1
14:55:12,10.17,286,290862,1
14:55:09,10.17,495,503415,1
14:55:06,10.16,167,169672,-1
14:55:03,10.16,858,871728,-1
14:55:00,10.17,140,142380,1
14:54:57,10.16,112,113792,-1
14:54:54,10.17,279,283743,1
14:54:51,10.17,456,463752,1
14:54:48,10.17,307,312219,1
14:54:45,10.17,12,12204,1
14:54:42,10.17,541,550197,1
14:54:39,10.17,318,323406,1
14:54:36,10.17,1025,1042425,-1
14:54:33,10.17,355,361035,-1
14:54:30,10.18,241,245338,1
14:54:27,10.17,1210,1230570,-1
14:54:24,10.18,58,59044,1
14:54:21,10.18,64,65152,1
14:54:18,10.18,415,422470,1
14:54:15,10.18,421,429524,-1
14:54:12,10.19,1152,1173888,1
14:54:09,10.18,170,173060,-1
14:54:06,10.18,245,249410,-1
14:54:03,10.18,100,101800,-1
14:54:00,10.19,174,177306,1
14:53:57,10.19,17,17323,1
14:53:54,10.19,113,115147,1
14:53:51,10.19,589,600191,1
14:53:48,10.19,445,453455,-1
14:53:45,10.19,177,180363,1
14:53:42,10.19,62,63178,1
14:53:39,10.18,148,150664,-1
14:53:36,10.19,547,557393,1
14:53:33,10.19,87,88653,1
14:53:30,10.18,1050,1068900,-1
14:53:27,10.18,383,389894,-1
14:53:24,10.19,527,537013,-1
14:53:21,10.19,1087,1107653,1
14:53:18,10.19,673,685787,1
14:53:15,10.19,333,339327,1
14:53:12,10.19,612,623628,1
14:53:09,10.18,372,378696,-1
14:53:06,10.18,78,79404,-1
14:53:03,10.19,160,163040,1
14:53:00,10.19,1,1019,1
14:52:57,10.19,235,239465,1
14:52:54,10.19,117,119223,1
14:52:51,10.18,651,662718,-1
14:52:48,10.19,431,439260,-1
14:52:45,10.19,11,11209,-1
14:52:42,10.19,72,73368,1
14:52:39,10.18,30,30540,-1
14:52:36,10.19,326,332194,1
14:52:33,10.19,165,168135,1
14:52:30,10.19,87,88653,-1
14:52:27,10.19,1980,2017620,-1
14:52:24,10.2,21,21420,1
14:52:21,10.19,111,113109,-1
14:52:18,10.21,45,45945,1
14:52:15,10.21,186,189906,1
14:52:12,10.19,499,508858,-1
14:52:09,10.2,1322,1348440,-1
14:52:06,10.21,1,1021,1
14:52:03,10.21,56,57176,1
14:52:00,10.21,827,844367,-1
14:51:57,10.21,208,212368,-1
14:51:54,10.21,897,915837,-1
14:51:51,10.21,1452,1482492,-1
14:51:48,10.22,362,369964,1
14:51:45,10.22,75,76650,1
14:51:42,10.21,231,235851,-1
14:51:39,10.21,199,203822,-1
14:51:36,10.22,53,54166,1
14:51:33,10.22,167,170674,1
14:51:30,10.22,78,79716,1
14:51:27,10.22,463,473380,-1
14:51:24,10.22,471,481362,-1
14:51:21,10.23,41,41943,1
14:51:18,10.23,253,259760,1
14:51:15,10.23,76,77748,1
14:51:12,10.23,320,327360,1
14:51:09,10.23,52,53196,1
14:51:06,10.23,135,138105,-1
14:51:03,10.24,113,115712,1
14:51:00,10.24,104,106496,1
14:50:57,10.23,32,32736,-1
14:50:54,10.24,21,21504,1
14:50:51,10.24,597,611328,1
14:50:48,10.24,269,275456,-1
14:50:45,10.25,109,111725,1
14:50:42,10.24,31,31744,1
14:50:39,10.24,123,125952,-1
14:50:36,10.24,52,53248,-1
14:50:33,10.25,42,43050,1
14:50:30,10.24,8,8192,-1
14:50:27,10.24,97,99328,-1
14:50:24,10.25,275,281875,1
14:50:21,10.24,34,34816,1
14:50:18,10.25,702,719550,1
14:50:15,10.24,65,66560,1
14:50:12,10.24,265,272076,-1
14:50:09,10.25,684,701100,1
14:50:06,10.24,340,348160,-1
14:50:03,10.24,291,298291,1
14:50:00,10.24,1070,1096396,1
14:49:57,10.24,193,197632,1
14:49:54,10.24,50,51200,1
14:49:51,10.23,255,260865,-1
14:49:48,10.23,68,69564,-1
14:49:45,10.23,32,33728,-1
14:49:42,10.23,783,801009,-1
14:49:39,10.23,110,112530,-1
14:49:36,10.24,1166,1194321,1
14:49:33,10.23,190,194370,1
14:49:30,10.22,468,478296,-1
14:49:27,10.22,3,3066,-1
14:49:24,10.23,118,120714,1
14:49:21,10.23,1,1023,1
14:49:18,10.22,265,270830,-1
14:49:15,10.22,95,97999,1
14:49:12,10.22,215,219730,1
14:49:09,10.22,104,106288,1
14:49:06,10.22,86,87892,1
14:49:03,10.22,231,236082,1
14:49:00,10.22,238,243236,-1
14:48:57,10.22,14,14308,-1
14:48:54,10.23,72,73656,1
14:48:51,10.22,88,89936,1
14:48:48,10.21,132,134772,-1
14:48:45,10.22,30,30660,-1
14:48:42,10.22,107,109354,1
14:48:39,10.22,142,145124,0
14:48:36,10.22,134,136948,1
14:48:33,10.22,88,89936,-1
14:48:30,10.23,156,159588,1
14:48:27,10.23,321,328383,1
14:48:24,10.23,172,175956,1
14:48:21,10.22,30,30660,-1
14:48:18,10.22,62,63364,-1
14:48:15,10.22,27,27594,-1
14:48:12,10.23,705,721215,1
14:48:09,10.22,160,163520,1
14:48:06,10.21,146,149066,-1
14:48:03,10.2,177,180540,-1
14:48:00,10.2,1318,1344360,-1
14:47:57,10.2,741,755820,-1
14:47:54,10.2,247,251939,-1
14:47:51,10.2,18,18360,-1
14:47:48,10.2,934,952679,1
14:47:45,10.2,166,169320,1
14:47:42,10.2,165,168300,1
14:47:39,10.2,172,175440,1
14:47:36,10.2,84,85680,1
14:47:33,10.2,18,18360,1
14:47:30,10.19,99,100881,-1
14:47:27,10.2,140,142800,1
14:47:24,10.19,60,61140,-1
14:47:21,10.2,154,157080,1
14:47:18,10.2,171,174420,1
14:47:15,10.19,313,318947,-1
14:47:12,10.19,75,76425,-1
14:47:09,10.19,89,90691,-1
14:47:06,10.19,95,96805,0
14:47:03,10.18,279,284022,-1
14:47:00,10.2,122,124439,1
14:46:57,10.18,119,121142,1
14:46:54,10.18,421,428578,-1
14:46:51,10.18,90,91620,-1
14:46:48,10.18,32,32576,1
14:46:45,10.18,718,730924,1
14:46:42,10.18,395,402110,-1
14:46:39,10.18,132,134376,1
14:46:36,10.18,789,803202,1
14:46:33,10.18,336,342048,1
14:46:30,10.18,1131,1151358,1
14:46:27,10.17,111,112887,-1
14:46:24,10.18,110,111980,1
14:46:21,10.18,107,108926,-1
14:46:18,10.18,148,150664,-1
14:46:15,10.18,51,51918,-1
14:46:12,10.17,355,361482,-1
14:46:09,10.18,372,378696,-1
14:46:06,10.18,113,115034,1
14:46:03,10.16,206,209296,-1
14:46:00,10.18,187,190366,1
14:45:57,10.18,496,504928,1
14:45:54,10.18,336,342048,1
14:45:51,10.18,226,230068,1
14:45:48,10.16,1098,1115568,1
14:45:45,10.16,130,132080,1
14:45:42,10.16,418,424688,1
14:45:39,10.16,3690,3749040,-1
14:45:36,10.18,228,232104,-1
14:45:33,10.19,495,504476,1
14:45:30,10.18,811,825598,1
14:45:27,10.18,1467,1494128,-1
14:45:24,10.2,440,449095,1
14:45:21,10.18,324,329832,-1
14:45:18,10.18,653,664754,-1
14:45:15,10.19,22,22418,1
14:45:12,10.18,205,208690,-1
14:45:09,10.19,760,774440,1
14:45:06,10.19,95,96805,1
14:45:03,10.19,274,279206,1
14:45:00,10.19,404,412399,-1
14:44:57,10.19,617,628723,-1
14:44:54,10.19,493,503314,-1
14:44:51,10.19,1606,1636514,-1
14:44:48,10.19,233,237427,-1
14:44:45,10.19,183,186843,-1
14:44:42,10.19,173,176287,-1
14:44:39,10.2,11,11220,1
14:44:36,10.19,313,318947,-1
14:44:33,10.19,64,65531,-1
14:44:30,10.2,340,346800,-1
14:44:27,10.2,120,122399,-1
14:44:24,10.2,216,220319,-1
14:44:21,10.21,4831,4933155,1
14:44:18,10.21,260,265460,1
14:44:15,10.21,136,138856,1
14:44:12,10.21,211,215431,1
14:44:09,10.21,490,500341,-1
14:44:06,10.22,1518,1551396,1
14:44:03,10.21,201,206231,-1
14:44:00,10.21,326,332846,-1
14:43:57,10.21,303,309363,-1
14:43:54,10.21,175,178675,-1
14:43:51,10.21,82,84712,-1
14:43:48,10.21,584,596264,-1
14:43:45,10.21,194,198074,-1
14:43:42,10.21,133,136803,-1
14:43:39,10.21,857,874997,-1
14:43:36,10.21,217,221557,-1
14:43:33,10.21,124,126604,-1
14:43:30,10.21,379,386959,-1
14:43:27,10.22,462,472164,1
14:43:24,10.21,560,571760,-1
14:43:21,10.22,80,81760,1
14:43:18,10.21,129,131709,-1
14:43:15,10.22,155,158410,1
14:43:12,10.22,78,79716,1
14:43:09,10.22,902,921844,-1
14:43:06,10.22,2749,2809478,-1
14:43:03,10.22,231,236082,-1
14:43:00,10.23,90,92070,1
14:42:57,10.22,75,76650,-1
14:42:54,10.22,14,14308,-1
14:42:51,10.23,103,105369,1
14:42:48,10.23,46,47058,1
14:42:45,10.23,31,31713,1
14:42:42,10.23,118,120714,1
14:42:39,10.23,273,279330,-1
14:42:36,10.23,197,201531,-1
14:42:33,10.23,369,378499,-1
14:42:30,10.23,103,105369,-1
14:42:27,10.23,93,95139,-1
14:42:24,10.23,429,438867,-1
14:42:21,10.24,248,253952,1
14:42:18,10.23,103,105369,-1
14:42:15,10.23,72,73656,-1
14:42:12,10.24,31,31744,1
14:42:09,10.23,5,5115,-1
14:42:06,10.23,56,57288,-1
14:42:03,10.24,164,167936,1
14:42:00,10.23,105,107415,-1
14:41:57,10.23,470,480810,-1
14:41:54,10.23,376,384648,-1
14:41:51,10.24,85,87040,1
14:41:48,10.24,29,29696,1
14:41:45,10.23,662,677226,-1
14:41:42,10.24,174,178176,1
14:41:39,10.23,55,56265,-1
14:41:36,10.23,385,393855,-1
14:41:33,10.24,115,117760,1
14:41:30,10.23,10,10230,-1
14:41:27,10.23,189,193347,-1
14:41:24,10.23,172,176968,-1
14:41:21,10.24,1065,1090560,1
14:41:18,10.23,306,314030,-1
14:41:15,10.23,46,47058,-1
14:41:12,10.23,115,117645,-1
14:41:09,10.24,129,132096,1
14:41:06,10.24,34,34816,1
14:41:03,10.23,132,135036,-1
14:41:00,10.23,417,426591,-1
14:40:57,10.23,92,94116,-1
14:40:54,10.23,324,331452,-1
14:40:51,10.23,2,2046,-1
14:40:48,10.23,27,27621,-1
14:40:45,10.23,5,5115,0
14:40:42,10.24,134,137216,1
14:40:39,10.23,103,105369,-1
14:40:36,10.23,5,5115,-1
14:40:33,10.24,102,104448,1
14:40:30,10.24,152,155648,1
14:40:27,10.23,343,350889,-1
14:40:24,10.24,19,19456,1
14:40:21,10.24,46,47104,1
14:40:18,10.24,70,71680,1
14:40:15,10.23,111,113553,-1
14:40:12,10.23,49,50127,-1
14:40:09,10.24,32,32768,1
14:40:06,10.23,70,71610,-1
14:40:03,10.23,573,586179,-1
14:40:00,10.24,11,11264,1
14:39:57,10.23,10,10230,-1
14:39:54,10.24,38,38912,1
14:39:51,10.23,501,512523,1
14:39:48,10.23,35,35805,1
14:39:45,10.23,2081,2129456,-1
14:39:42,10.24,343,351232,-1
14:39:39,10.24,19,19456,-1
14:39:36,10.24,41,41984,-1
14:39:33,10.24,131,134144,-1
14:39:30,10.24,453,464875,1
14:39:27,10.23,696,712008,-1
14:39:24,10.24,4,4096,1
14:39:21,10.24,37,37888,1
14:39:18,10.23,106,108438,-1
14:39:15,10.24,2,2048,1
14:39:12,10.24,203,207872,1
14:39:09,10.24,107,109568,1
14:39:06,10.24,387,396288,1
14:39:03,10.24,81,82944,1
14:39:00,10.23,103,105369,-1
14:38:57,10.23,26,26598,-1
14:38:54,10.24,74,75776,1
14:38:51,10.24,15,15360,1
14:38:48,10.24,33,33792,1
14:38:45,10.24,68,69632,1
14:38:42,10.24,221,226304,1
14:38:39,10.24,719,736276,-1
14:38:36,10.25,384,393600,1
14:38:33,10.25,2,2050,1
14:38:30,10.25,48,49200,1
14:38:27,10.24,47,48128,-1
14:38:24,10.24,612,626688,-1
14:38:21,10.25,216,221400,-1
14:38:18,10.25,143,146575,-1
14:38:15,10.25,5,5125,-1
14:38:12,10.25,5,5125,-1
14:38:09,10.25,106,108650,1
14:38:06,10.24,124,126976,-1
14:38:03,10.26,88,90288,1
14:38:00,10.25,129,132225,1
14:37:57,10.25,285,292975,-1
14:37:54,10.25,35,35875,-1
14:37:51,10.25,44,45100,-1
14:37:48,10.25,30,30750,-1
14:37:45,10.25,27,27675,-1
14:37:42,10.25,282,289224,1
14:37:39,10.25,73,74825,1
14:37:36,10.24,50,51200,-1
14:37:33,10.25,64,65600,1
14:37:30,10.25,94,96350,1
14:37:27,10.25,307,314675,1
14:37:24,10.25,33,33825,1
14:37:21,10.24,433,443392,-1
14:37:18,10.25,86,88150,1
14:37:15,10.25,97,99425,1
14:37:12,10.24,106,108544,-1
14:37:09,10.24,46,47104,-1
14:37:06,10.25,4,4100,1
14:37:03,10.24,82,83968,-1
14:37:00,10.24,37,38891,-1
14:36:57,10.24,16,16384,-1
14:36:54,10.24,569,582656,-1
14:36:51,10.25,281,288025,1
14:36:48,10.24,229,234496,1
14:36:45,10.24,242,247808,1
14:36:42,10.23,38,38874,-1
14:36:39,10.24,273,279552,1
14:36:36,10.23,150,153450,-1
14:36:33,10.23,69,70587,-1
14:36:30,10.23,91,93093,-1
14:36:27,10.24,90,92160,1
14:36:24,10.24,10,10240,1
14:36:21,10.23,111,113553,-1
14:36:18,10.23,39,39897,-1
14:36:15,10.23,249,254727,-1
14:36:12,10.24,246,252354,1
14:36:09,10.23,923,944229,-1
14:36:06,10.23,20,20460,-1
14:36:03,10.23,61,62403,-1
14:36:00,10.23,1,1023,0
14:35:57,10.23,115,117645,1
14:35:54,10.23,1268,1297164,-1
14:35:51,10.23,132,135036,-1
14:35:48,10.24,199,203776,1
14:35:45,10.23,360,368280,1
14:35:42,10.22,139,142058,-1
14:35:39,10.22,132,134904,-1
14:35:36,10.23,65,66495,1
14:35:33,10.22,39,39858,-1
14:35:30,10.22,79,81310,-1
14:35:27,10.23,1312,1342176,-1
14:35:24,10.23,109,111507,-1
14:35:21,10.23,95,97185,1
14:35:18,10.23,80,81840,1
14:35:15,10.22,106,108332,-1
14:35:12,10.24,351,359424,1
14:35:09,10.23,390,398970,1
14:35:06,10.22,91,93002,-1
14:35:03,10.24,270,276480,1
14:35:00,10.24,167,171008,1
14:34:57,10.23,491,502293,-1
14:34:54,10.23,135,138105,-1
14:34:51,10.23,446,456258,-1
14:34:48,10.23,167,170841,-1
14:34:45,10.23,467,477741,-1
14:34:42,10.23,106,108438,-1
14:34:39,10.23,654,670054,1
14:34:36,10.22,193,197246,-1
14:34:33,10.22,60,61320,-1
14:34:30,10.22,462,472174,-1
14:34:27,10.23,183,188221,1
14:34:24,10.23,75,76725,0
14:34:21,10.22,974,995428,-1
14:34:18,10.23,469,479787,-1
14:34:15,10.24,506,518144,1
14:34:12,10.23,282,288486,-1
14:34:09,10.24,192,197058,1
14:34:06,10.24,144,147456,1
14:34:03,10.24,93,95232,1
14:34:00,10.24,121,123904,1
14:33:57,10.24,95,97280,1
14:33:54,10.24,82,83968,1
14:33:51,10.24,27,27648,1
14:33:48,10.25,451,462275,-1
14:33:45,10.25,556,569900,1
14:33:42,10.24,520,532480,-1
14:33:39,10.24,92,94208,-1
14:33:36,10.24,492,503808,-1
14:33:33,10.24,323,330752,-1
14:33:30,10.25,236,241900,1
14:33:27,10.24,113,115712,-1
14:33:24,10.25,571,585275,1
14:33:21,10.24,215,220160,-1
14:33:18,10.24,120,122880,-1
14:33:15,10.24,156,159744,-1
14:33:12,10.25,217,222425,1
14:33:09,10.25,75,76875,1
14:33:06,10.25,518,530950,-1
14:33:03,10.26,11,11286,1
14:33:00,10.25,2736,2804400,-1
14:32:57,10.25,195,199875,-1
14:32:54,10.25,141,144525,-1
14:32:51,10.25,138,141450,-1
14:32:48,10.26,225,230850,1
14:32:45,10.26,542,556092,1
14:32:42,10.25,40,41000,-1
14:32:39,10.25,379,388475,-1
14:32:36,10.25,112,114800,-1
14:32:33,10.26,129,132354,1
14:32:30,10.25,114,116850,-1
14:32:27,10.25,70,71750,-1
14:32:24,10.25,103,105575,-1
14:32:21,10.26,116,119016,-1
14:32:18,10.26,269,275994,-1
14:32:15,10.26,906,929556,-1
14:32:12,10.26,116,119016,-1
14:32:09,10.26,45,46170,-1
14:32:06,10.27,58,59566,1
14:32:03,10.26,110,112860,-1
14:32:00,10.27,77,79079,1
14:31:57,10.27,311,319397,1
14:31:54,10.27,183,187941,1
14:31:51,10.26,307,314982,-1
14:31:48,10.26,79,81054,-1
14:31:45,10.26,262,268812,-1
14:31:42,10.27,20,20540,1
14:31:39,10.27,104,106808,1
14:31:36,10.26,334,342684,-1
14:31:33,10.27,2,2054,1
14:31:30,10.26,22,22572,-1
14:31:27,10.27,270,277290,1
14:31:24,10.26,120,123120,-1
14:31:21,10.26,106,108756,-1
14:31:18,10.27,112,115024,1
14:31:15,10.27,8,8216,1
14:31:12,10.26,362,371412,-1
14:31:09,10.27,433,444691,1
14:31:06,10.26,81,83106,-1
14:31:03,10.27,51,52377,1
14:31:00,10.26,152,156947,-1
14:30:57,10.27,223,229380,1
14:30:54,10.26,252,258552,1
14:30:51,10.26,96,98496,1
14:30:48,10.26,314,322830,-1
14:30:45,10.26,46,47196,-1
14:30:42,10.26,213,218538,-1
14:30:39,10.27,218,223886,1
14:30:36,10.26,66,67716,-1
14:30:33,10.27,20,20540,1
14:30:30,10.26,310,318060,-1
14:30:27,10.26,72,73872,-1
14:30:24,10.26,45,46170,-1
14:30:21,10.26,607,622782,-1
14:30:18,10.26,220,225720,-1
14:30:15,10.26,32,32832,-1
14:30:12,10.26,105,107730,-1
14:30:09,10.26,355,364589,1
14:30:06,10.26,142,145692,1
14:30:03,10.25,730,748250,-1
14:30:00,10.26,417,427842,1
14:29:57,10.26,693,711018,1
14:29:54,10.25,197,201925,-1
14:29:51,10.25,103,105575,-1
14:29:48,10.25,66,67650,-1
14:29:45,10.25,98,100450,-1
14:29:42,10.26,167,171342,1
14:29:39,10.25,94,96350,-1
14:29:36,10.26,20,20520,1
14:29:33,10.26,61,62586,1
14:29:30,10.26,21,21546,1
14:29:27,10.26,2134,2190150,-1
14:29:21,10.27,71,72917,-1
14:29:18,10.27,115,118105,0
14:29:15,10.26,63,64638,-1
14:29:12,10.28,336,345438,1
14:29:09,10.27,172,176644,-1
14:29:06,10.27,31,32833,1
14:29:03,10.27,323,331751,-1
14:29:00,10.28,15,15419,1
14:28:54,10.27,61,62647,-1
14:28:51,10.28,435,447180,1
14:28:48,10.27,160,164320,-1
14:28:45,10.27,24,24648,-1
14:28:42,10.28,10,10280,1
14:28:39,10.27,175,179725,-1
14:28:36,10.27,98,100646,-1
14:28:33,10.28,4,4112,1
14:28:30,10.28,53,54484,1
14:28:27,10.27,61,62647,-1
14:28:24,10.28,143,147004,1
14:28:18,10.28,161,165508,1
14:28:15,10.28,4,4112,1
14:28:12,10.28,384,394752,1
14:28:09,10.27,367,377905,-1
14:28:06,10.29,406,417773,1
14:28:03,10.28,138,141864,-1
14:27:57,10.28,15,15419,-1
14:27:48,10.28,112,115136,-1
14:27:42,10.29,67,68943,1
14:27:39,10.28,27,27756,-1
14:27:36,10.28,119,122331,-1
14:27:33,10.28,88,90464,-1
14:27:30,10.29,121,124508,1
14:27:27,10.28,127,130555,-1
14:27:21,10.28,114,117572,-1
14:27:18,10.29,306,314874,-1
14:27:15,10.29,187,192422,-1
14:27:12,10.29,74,77164,-1
14:27:09,10.29,56,57623,-1
14:27:06,10.29,34,34986,-1
14:27:03,10.3,10,10300,1
14:27:00,10.3,128,131840,1
14:26:57,10.29,119,122450,-1
14:26:54,10.29,201,206828,-1
14:26:51,10.29,82,84378,-1
14:26:48,10.3,239,246170,1
14:26:45,10.29,148,152292,-1
14:26:42,10.29,95,97754,-1
14:26:39,10.3,44,45320,1
14:26:36,10.3,110,113300,1
14:26:30,10.29,50,51449,-1
14:26:27,10.29,63,64826,-1
14:26:24,10.29,89,91580,-1
14:26:21,10.29,92,94667,-1
14:26:18,10.3,136,140080,1
14:26:15,10.29,42,43218,-1
14:26:09,10.3,126,129780,1
14:26:06,10.3,95,97850,1
14:26:03,10.3,4,4120,1
14:26:00,10.29,124,127595,-1
14:25:57,10.3,10,10300,1
14:25:54,10.29,96,98783,-1
14:25:51,10.29,38,39102,-1
14:25:48,10.29,112,115247,-1
14:25:45,10.3,240,247200,1
14:25:42,10.3,26,26780,1
14:25:39,10.3,150,154500,1
14:25:36,10.3,127,130810,1
14:25:33,10.3,102,105060,1
14:25:30,10.3,47,48410,1
14:25:27,10.3,153,157590,1
14:25:24,10.29,52,53507,-1
14:25:21,10.29,86,89152,-1
14:25:15,10.29,100,102899,-1
14:25:12,10.3,104,107120,1
14:25:09,10.3,55,56650,1
14:25:06,10.3,13,13390,1
14:25:03,10.29,62,63797,-1
14:24:57,10.29,110,113189,1
14:24:54,10.28,36,37008,-1
14:24:51,10.29,87,89522,1
14:24:48,10.29,218,224321,1
14:24:45,10.29,354,364265,1
14:24:42,10.28,142,145976,-1
14:24:39,10.28,52,53456,-1
14:24:36,10.28,113,116164,-1
14:24:33,10.28,358,368024,1
14:24:30,10.27,141,144807,-1
14:24:27,10.28,25,25700,1
14:24:24,10.27,211,216697,-1
14:24:21,10.27,10,10270,-1
14:24:18,10.27,105,107835,-1
14:24:15,10.27,157,161239,1
14:24:12,10.26,26,26676,-1
14:24:09,10.26,162,166212,-1
14:24:06,10.26,215,220949,1
14:24:03,10.26,36,36936,1
14:24:00,10.26,315,323190,1
14:23:57,10.26,182,187398,-1
14:23:54,10.27,72,74303,1
14:23:51,10.26,399,410040,-1
14:23:48,10.27,55,56485,1
14:23:45,10.27,851,873977,1
14:23:42,10.26,67,68742,-1
14:23:39,10.27,23,23621,1
14:23:36,10.26,217,222642,-1
14:23:33,10.27,44,45188,1
14:23:30,10.26,67,68742,-1
14:23:27,10.26,16,16416,-1
14:23:24,10.26,114,116964,-1
14:23:21,10.26,1149,1178874,-1
14:23:18,10.26,384,393984,-1
14:23:15,10.27,104,106808,1
14:23:12,10.27,73,74971,1
14:23:09,10.27,49,50323,1
14:23:06,10.27,109,111943,-1
14:23:03,10.27,161,165347,-1
14:23:00,10.27,13,13351,-1
14:22:57,10.27,26,26702,-1
14:22:54,10.27,150,154050,-1
14:22:51,10.27,30,30810,-1
14:22:48,10.26,21,21546,-1
14:22:45,10.26,1168,1198368,-1
14:22:42,10.27,111,113997,1
14:22:39,10.27,211,216697,1
14:22:36,10.27,64,65728,1
14:22:33,10.26,121,124146,-1
14:22:30,10.26,74,75924,-1
14:22:27,10.27,422,433394,1
14:22:24,10.27,53,54431,1
14:22:21,10.27,73,74971,1
14:22:18,10.27,183,187941,1
14:22:15,10.27,220,225940,-1
14:22:12,10.27,402,412854,-1
14:22:09,10.28,31,31867,1
14:22:06,10.28,390,400920,1
14:22:03,10.27,318,326586,-1
14:22:00,10.28,24,24672,1
14:21:57,10.28,53,54484,-1
14:21:54,10.28,107,109996,1
14:21:51,10.28,101,103828,1
14:21:48,10.28,92,94576,-1
14:21:45,10.28,261,268308,1
14:21:42,10.27,37,37999,-1
14:21:39,10.28,100,102800,1
14:21:36,10.27,44,45188,-1
14:21:33,10.27,49,50323,0
14:21:30,10.28,225,231300,1
14:21:27,10.27,532,546364,-1
14:21:24,10.27,47,48269,-1
14:21:21,10.28,37,38036,1
14:21:18,10.28,13,13364,1
14:21:15,10.28,1,1028,0
14:21:12,10.27,973,999271,-1
14:21:09,10.28,141,144948,-1
14:21:06,10.28,934,960151,-1
14:21:03,10.28,477,490355,1
14:21:00,10.28,4,4112,1
14:20:57,10.27,151,155077,0
14:20:54,10.26,277,284202,-1
14:20:51,10.28,450,462600,-1
14:20:48,10.28,640,658279,1
14:20:45,10.26,46,47196,-1
14:20:42,10.26,716,734616,-1
14:20:39,10.27,240,246480,1
14:20:36,10.27,62,63674,1
14:20:33,10.27,11,11297,1
14:20:30,10.27,464,476528,1
14:20:27,10.27,245,251615,1
14:20:24,10.27,151,155077,1
14:20:21,10.26,81,83106,-1
14:20:18,10.27,85,87295,-1
14:20:15,10.27,194,199238,-1
14:20:12,10.27,25,25675,-1
14:20:09,10.27,256,262912,-1
14:20:06,10.27,10,10270,-1
14:20:03,10.28,66,67848,1
14:20:00,10.28,103,105884,1
14:19:57,10.27,231,237237,-1
14:19:54,10.28,231,237467,1
14:19:51,10.27,178,182806,-1
14:19:48,10.28,529,543812,1
14:19:45,10.27,220,225940,-1
14:19:42,10.27,48,49296,-1
14:19:39,10.27,1158,1189266,-1
14:19:36,10.27,196,201292,-1
14:19:33,10.28,194,199432,1
14:19:30,10.28,113,116164,1
14:19:27,10.28,361,371108,1
14:19:24,10.27,73,75638,-1
14:19:21,10.29,12,12347,1
14:19:18,10.28,202,207656,-1
14:19:15,10.28,69,70932,-1
14:19:12,10.29,200,205799,1
14:19:09,10.29,1376,1415903,1
14:19:06,10.29,806,829373,-1
14:19:03,10.3,212,219091,1
14:19:00,10.29,74,76146,-1
14:18:57,10.3,13,13390,1
14:18:54,10.3,149,153470,0
14:18:51,10.29,140,144060,-1
14:18:48,10.3,139,143170,-1
14:18:45,10.3,35,36050,-1
14:18:42,10.31,103,106193,1
14:18:39,10.3,40,41200,-1
14:18:36,10.3,256,263680,-1
14:18:33,10.31,23,23713,1
14:18:30,10.31,63,64953,1
14:18:27,10.3,229,235870,-1
14:18:24,10.31,267,275277,-1
14:18:21,10.31,145,149495,-1
14:18:18,10.31,175,180425,-1
14:18:15,10.32,10,10320,1
14:18:12,10.32,138,142416,-1
14:18:09,10.32,456,470592,-1
14:18:06,10.32,9,9288,-1
14:18:03,10.32,45,46440,-1
14:18:00,10.32,149,153768,-1
14:17:57,10.32,737,760584,-1
14:17:54,10.33,77,79541,1
14:17:48,10.32,422,435504,-1
14:17:45,10.32,152,156864,-1
14:17:42,10.33,33,34089,1
14:17:39,10.32,10,10320,-1
14:17:36,10.33,1,1033,1
14:17:33,10.33,39,40287,1
14:17:27,10.32,20,20640,-1
14:17:24,10.33,30,30990,1
14:17:21,10.33,1,1033,1
14:17:18,10.32,56,57792,-1
14:17:15,10.32,78,80496,-1
14:17:12,10.33,182,188006,-1
14:17:09,10.33,10,10330,-1
14:17:06,10.33,77,79541,1
14:17:03,10.34,7,7238,1
14:17:00,10.33,151,155983,1
14:16:57,10.33,23,23759,1
14:16:54,10.32,2,2064,-1
14:16:51,10.33,13,13429,1
14:16:48,10.33,1,1033,1
14:16:45,10.32,37,38184,-1
14:16:39,10.33,303,312999,1
14:16:36,10.33,40,41320,1
14:16:33,10.33,53,54749,1
14:16:27,10.33,18,18594,1
14:16:24,10.33,33,34089,0
14:16:21,10.32,50,51600,-1
14:16:18,10.34,9,9306,1
14:16:15,10.33,250,258250,1
14:16:12,10.33,40,41350,-1
14:16:09,10.33,30,30990,-1
14:16:06,10.34,8,8272,1
14:16:03,10.33,146,150818,-1
14:16:00,10.34,3,3102,1
14:15:57,10.34,29,30988,1
14:15:54,10.32,41,42312,-1
14:15:51,10.33,37,38221,1
14:15:48,10.33,40,41320,1
14:15:45,10.33,2,2066,1
14:15:42,10.33,201,207633,1
14:15:39,10.32,72,74304,-1
14:15:36,10.33,230,237590,1
14:15:33,10.33,105,108465,1
14:15:30,10.32,101,104232,-1
14:15:27,10.33,77,79541,1
14:15:24,10.33,47,48551,1
14:15:18,10.32,343,353976,-1
14:15:15,10.33,27,27891,1
14:15:12,10.32,55,56760,-1
14:15:09,10.33,1,1033,1
14:15:06,10.33,111,114693,-1
14:15:03,10.33,19,19627,-1
14:15:00,10.35,2050,2121750,1
14:14:57,10.33,170,175610,-1
14:14:54,10.34,92,95128,1
14:14:51,10.34,20,20680,1
14:14:48,10.34,36,37224,1
14:14:45,10.34,10,10340,1
14:14:42,10.33,286,295438,-1
14:14:39,10.34,55,56870,1
14:14:36,10.34,220,227480,1
14:14:33,10.33,52,54718,-1
14:14:27,10.33,166,171478,-1
14:14:24,10.33,64,66112,-1
14:14:21,10.33,277,286141,-1
14:14:15,10.33,53,54749,1
14:14:12,10.33,122,126026,1
14:14:09,10.33,510,526830,1
14:14:06,10.33,15,15495,1
14:14:03,10.33,32,33056,-1
14:14:00,10.33,20,20660,-1
14:13:57,10.34,215,222310,1
14:13:54,10.33,39,40287,-1
14:13:51,10.34,16,16544,1
14:13:48,10.32,156,160992,-1
14:13:45,10.33,57,58881,1
14:13:42,10.33,141,145653,1
14:13:39,10.33,17,17561,1
14:13:36,10.33,72,74376,1
14:13:33,10.32,5,5160,-1
14:13:30,10.33,378,390474,1
14:13:27,10.33,29,29957,1
14:13:24,10.33,411,424563,1
14:13:21,10.33,21,21693,1
14:13:18,10.33,5,5165,1
14:13:15,10.32,67,69144,-1
14:13:12,10.32,20,20640,-1
14:13:09,10.32,500,516000,-1
14:13:06,10.33,49,50617,1
14:13:03,10.32,30,30960,-1
14:13:00,10.33,77,79541,1
14:12:57,10.32,47,48504,-1
14:12:54,10.32,1537,1586184,1
14:12:51,10.3,59,60770,-1
14:12:48,10.3,141,145230,-1
14:12:45,10.31,401,413431,1
14:12:42,10.3,6,6180,-1
14:12:39,10.31,21,21651,1
14:12:36,10.3,50,51500,-1
14:12:30,10.3,94,96820,-1
14:12:27,10.31,1,1031,1
14:12:24,10.31,108,111348,-1
14:12:21,10.31,4,4124,-1
14:12:18,10.31,212,218572,1
14:12:15,10.3,30,30900,-1
14:12:12,10.31,23,23713,-1
14:12:09,10.32,69,71208,1
14:12:06,10.32,47,48504,1
14:12:03,10.31,118,121658,-1
14:12:00,10.32,3,3096,1
14:11:57,10.3,9,9270,-1
14:11:54,10.3,163,167890,-1
14:11:51,10.31,41,42600,1
14:11:48,10.31,60,61860,1
14:11:45,10.31,25,25775,1
14:11:42,10.31,123,126813,1
14:11:39,10.31,168,173208,1
14:11:36,10.3,68,70040,-1
14:11:33,10.31,167,172177,1
14:11:30,10.3,124,127720,-1
14:11:27,10.31,71,73201,1
14:11:24,10.31,87,89697,1
14:11:21,10.3,113,116390,-1
14:11:18,10.3,163,167890,-1
14:11:15,10.31,70,72170,1
14:11:12,10.3,178,183340,-1
14:11:09,10.3,65,66950,-1
14:11:06,10.3,614,633429,1
14:11:03,10.3,203,209090,1
14:11:00,10.3,5,5150,1
14:10:57,10.29,166,170814,-1
14:10:54,10.29,132,135828,-1
14:10:51,10.3,56,57680,1
14:10:48,10.3,100,103000,1
14:10:45,10.29,36,37044,-1
14:10:42,10.3,116,119480,1
14:10:39,10.29,141,145089,1
14:10:36,10.28,7,7196,-1
14:10:33,10.29,4,4116,0
14:10:30,10.28,26,26728,-1
14:10:27,10.28,128,131584,-1
14:10:24,10.29,89,91580,-1
14:10:21,10.29,536,551544,1
14:10:18,10.28,95,97660,-1
14:10:15,10.29,127,130682,1
14:10:12,10.28,399,410172,-1
14:10:09,10.28,48,49344,-1
14:10:06,10.29,18,18522,1
14:10:03,10.28,18,18504,-1
14:10:00,10.29,75,77175,1
14:09:57,10.28,6,6825,1
14:09:54,10.28,100,102800,1
14:09:51,10.28,88,90834,-1
14:09:48,10.28,278,285784,-1
14:09:45,10.29,40,41160,0
14:09:42,10.28,104,106912,-1
14:09:39,10.29,343,352946,-1
14:09:36,10.29,1010,1039289,-1
14:09:33,10.28,79,81212,-1
14:09:30,10.28,10,10280,-1
14:09:27,10.29,193,198596,1
14:09:24,10.29,14,14405,1
14:09:21,10.28,148,152144,-1
14:09:18,10.29,149,153321,1
14:09:15,10.28,97,99716,-1
14:09:12,10.29,49,50420,1
14:09:09,10.29,74,76146,1
14:09:06,10.29,55,56594,1
14:09:03,10.28,1099,1129772,-1
14:09:00,10.3,70,72100,1
14:08:57,10.29,386,397193,1
14:08:54,10.29,58,59681,1
14:08:51,10.29,247,254162,-1
14:08:48,10.29,113,116276,-1
14:08:45,10.3,40,41200,1
14:08:42,10.29,376,387902,1
14:08:39,10.28,94,96632,-1
14:08:36,10.29,15,15434,1
14:08:33,10.28,337,346436,-1
14:08:30,10.28,214,219992,-1
14:08:27,10.28,265,272420,-1
14:08:24,10.29,212,218147,1
14:08:21,10.28,275,282700,-1
14:08:18,10.29,37,38073,1
14:08:15,10.29,64,65856,-1
14:08:12,10.29,75,77175,-1
14:08:09,10.29,760,782039,1
14:08:06,10.29,274,281946,-1
14:08:03,10.29,479,492890,1
14:08:00,10.28,50,51400,-1
14:07:57,10.29,326,335454,-1
14:07:54,10.29,378,388961,-1
14:07:51,10.3,218,224540,1
14:07:48,10.29,194,199625,-1
14:07:45,10.29,100,102899,-1
14:07:42,10.3,446,459555,-1
14:07:39,10.31,34,35054,1
14:07:36,10.31,104,107224,0
14:07:33,10.3,987,1017464,-1
14:07:30,10.3,2340,2410200,-1
14:07:27,10.31,78,80418,1
14:07:24,10.3,33,33990,-1
14:07:21,10.3,118,121540,-1
14:07:18,10.32,196,202272,1
14:07:15,10.3,70,72100,-1
14:07:12,10.31,2151,2217681,-1
14:07:09,10.32,571,589272,1
14:07:06,10.32,43,44376,0
14:07:03,10.31,772,795932,-1
14:07:00,10.32,54,55728,-1
14:06:57,10.32,186,191952,-1
14:06:54,10.32,98,101136,1
14:06:51,10.31,272,280432,-1
14:06:48,10.31,100,103100,-1
14:06:45,10.31,120,123720,-1
14:06:42,10.32,97,100104,1
14:06:39,10.31,353,363943,-1
14:06:36,10.32,2010,2074320,-1
14:06:33,10.33,10,10330,1
14:06:30,10.32,533,550056,-1
14:06:27,10.32,16,16512,-1
14:06:24,10.33,117,120861,1
14:06:21,10.32,182,187824,-1
14:06:18,10.33,53,54749,1
14:06:15,10.33,227,234491,1
14:06:12,10.33,6,6198,1
14:06:09,10.32,12,12384,-1
14:06:06,10.33,10,10330,0
14:06:03,10.32,114,117648,-1
14:05:57,10.33,70,72310,1
14:05:54,10.32,18,18576,-1
14:05:51,10.32,62,63984,-1
14:05:48,10.32,83,85656,-1
14:05:45,10.32,142,146544,-1
14:05:42,10.32,132,136224,-1
14:05:39,10.33,247,255151,1
14:05:36,10.33,56,57848,1
14:05:33,10.33,32,33056,1
14:05:30,10.33,23,23759,1
14:05:27,10.33,344,355352,1
14:05:24,10.33,73,75409,1
14:05:21,10.33,78,80574,-1
14:05:18,10.33,92,95036,-1
14:05:15,10.33,85,87805,-1
14:05:12,10.33,615,635295,-1
14:05:09,10.33,40,41320,-1
14:05:06,10.33,215,222095,-1
14:05:03,10.33,57,58881,-1
14:05:00,10.33,349,360517,-1
14:04:57,10.33,6,6198,-1
14:04:54,10.34,75,77550,1
14:04:51,10.34,296,306064,1
14:04:48,10.33,612,632196,-1
14:04:45,10.33,90,92970,-1
14:04:42,10.33,26,26858,-1
14:04:39,10.33,111,114663,-1
14:04:36,10.34,26,26884,1
14:04:33,10.33,57,58881,-1
14:04:30,10.34,49,50666,1
14:04:27,10.34,576,595584,1
14:04:24,10.34,344,355696,1
14:04:21,10.33,96,99168,-1
14:04:18,10.34,12,12408,1
14:04:15,10.33,71,73343,-1
14:04:12,10.33,260,268580,-1
14:04:09,10.33,115,118795,-1
14:04:06,10.33,85,87805,-1
14:04:03,10.34,62,64108,1
14:04:00,10.34,62,64108,1
14:03:54,10.33,64,66112,-1
14:03:51,10.33,23,23759,-1
14:03:48,10.34,87,89958,1
14:03:45,10.34,226,233684,1
14:03:42,10.34,108,111672,1
14:03:39,10.33,340,351220,-1
14:03:36,10.34,13,13442,1
14:03:33,10.34,99,102366,1
14:03:30,10.33,61,63013,-1
14:03:27,10.33,220,227260,-1
14:03:24,10.34,1,1034,1
14:03:21,10.33,35,36155,-1
14:03:18,10.35,100,103500,1
14:03:15,10.34,158,163403,-1
14:03:12,10.34,200,206800,-1
14:03:09,10.34,114,117876,-1
14:03:06,10.35,25,25875,1
14:03:03,10.34,21,21714,-1
14:03:00,10.34,95,98230,-1
14:02:57,10.34,1,1034,-1
14:02:54,10.34,229,237788,1
14:02:51,10.34,35,36190,1
14:02:48,10.34,11,11374,1
14:02:45,10.34,246,254395,-1
14:02:42,10.34,42,43428,-1
14:02:39,10.34,102,105468,-1
14:02:36,10.35,133,137655,1
14:02:33,10.35,24,24840,1
14:02:30,10.34,95,98230,-1
14:02:27,10.35,36,37260,1
14:02:24,10.34,359,371206,-1
14:02:18,10.34,17,17578,-1
14:02:15,10.35,151,156285,1
14:02:12,10.35,5,5175,1
14:02:09,10.35,41,42435,1
14:02:06,10.35,9,9315,1
14:02:03,10.35,37,38295,-1
14:02:00,10.35,83,85905,-1
14:01:57,10.35,18,18630,-1
14:01:54,10.36,100,103600,1
14:01:51,10.35,51,52785,-1
14:01:48,10.35,113,116955,-1
14:01:45,10.35,149,154215,-1
14:01:42,10.35,96,99360,-1
14:01:39,10.35,8,8280,-1
14:01:36,10.35,168,173880,1
14:01:30,10.35,57,58995,1
14:01:27,10.35,5,5175,1
14:01:24,10.34,251,259534,-1
14:01:21,10.34,44,45496,-1
14:01:18,10.34,1,1034,-1
14:01:15,10.34,179,185086,-1
14:01:12,10.34,100,103400,-1
14:01:09,10.34,14,14476,-1
14:01:06,10.35,10,10350,1
14:01:03,10.35,25,25875,1
14:01:00,10.34,18,18612,-1
14:00:57,10.34,26,26884,-1
14:00:54,10.34,41,42394,-1
14:00:48,10.34,20,20680,-1
14:00:45,10.34,307,317438,-1
14:00:42,10.34,163,168542,-1
14:00:39,10.34,154,159236,-1
14:00:36,10.34,726,750684,-1
14:00:33,10.35,22,22770,1
14:00:30,10.35,84,86940,1
14:00:27,10.35,261,270135,1
14:00:21,10.35,44,45540,1
14:00:18,10.35,10,10350,1
14:00:15,10.35,134,138690,-1
14:00:12,10.36,21,21756,1
14:00:09,10.35,7,7245,-1
14:00:03,10.34,108,111672,-1
14:00:00,10.34,55,56870,-1
13:59:57,10.36,290,300440,1
13:59:54,10.35,55,56925,1
13:59:51,10.35,6,6210,1
13:59:48,10.35,40,41400,1
13:59:45,10.35,114,117990,-1
13:59:42,10.35,181,187335,-1
13:59:39,10.35,11,11385,-1
13:59:36,10.35,10,10350,-1
13:59:33,10.36,8,8288,1
13:59:30,10.35,81,83835,-1
13:59:27,10.36,7,7252,1
13:59:24,10.36,97,100492,1
13:59:21,10.35,57,58995,-1
13:59:18,10.35,36,37260,-1
13:59:15,10.35,100,103500,-1
13:59:12,10.35,84,86940,-1
13:59:06,10.35,35,36225,-1
13:59:03,10.36,3,3108,1
13:58:57,10.35,79,81765,1
13:58:54,10.35,15,15525,1
13:58:51,10.35,6,6210,1
13:58:48,10.35,49,50715,1
13:58:45,10.35,107,110745,1
13:58:42,10.34,214,221276,-1
13:58:39,10.35,20,20700,1
13:58:36,10.34,291,300894,-1
13:58:33,10.36,4,4144,1
13:58:30,10.35,111,115888,1
13:58:27,10.35,184,190440,1
13:58:24,10.35,43,44505,1
13:58:21,10.34,78,80652,-1
13:58:18,10.35,45,46575,1
13:58:15,10.34,111,114774,-1
13:58:12,10.34,282,291588,-1
13:58:09,10.34,34,35156,-1
13:58:06,10.34,20,20680,-1
13:58:03,10.34,34,35156,-1
13:58:00,10.34,11,11374,-1
13:57:57,10.34,164,169576,-1
13:57:54,10.34,507,524238,-1
13:57:51,10.35,77,79695,1
13:57:48,10.35,5,5175,1
13:57:45,10.34,130,134420,-1
13:57:42,10.34,129,133386,-1
13:57:39,10.34,19,19646,-1
13:57:33,10.34,34,35156,-1
13:57:30,10.34,5,5170,-1
13:57:27,10.34,21,21714,-1
13:57:24,10.34,4,4136,-1
13:57:21,10.34,152,157168,-1
13:57:18,10.34,137,141658,-1
13:57:12,10.34,234,241956,-1
13:57:09,10.34,37,38258,-1
13:57:06,10.35,10,10350,1
13:57:00,10.35,6,6210,1
13:56:57,10.34,96,99264,-1
13:56:54,10.34,16,16544,-1
13:56:51,10.34,80,82720,-1
13:56:48,10.34,67,69278,-1
13:56:45,10.34,106,109604,-1
13:56:42,10.34,377,389818,1
13:56:39,10.34,1,1034,1
13:56:36,10.33,22,22726,-1
13:56:33,10.33,357,368781,-1
13:56:30,10.33,2,2066,-1
13:56:27,10.33,73,75409,-1
13:56:24,10.34,18,18612,1
13:56:21,10.33,64,66112,-1
13:56:18,10.34,22,22748,1
13:56:15,10.34,21,21714,1
13:56:12,10.33,171,176643,-1
13:56:09,10.33,100,103300,-1
13:56:06,10.34,5,5170,0
13:56:03,10.33,200,206600,-1
13:56:00,10.35,3,3105,1
13:55:57,10.34,39,40326,-1
13:55:54,10.35,13,13455,1
13:55:51,10.34,116,119944,-1
13:55:48,10.36,50,51800,1
13:55:45,10.34,37,38258,-1
13:55:42,10.34,238,246092,-1
13:55:39,10.35,14,14490,0
13:55:36,10.34,118,122012,-1
13:55:33,10.34,4,4136,-1
13:55:30,10.34,68,70312,-1
13:55:27,10.36,74,76664,1
13:55:24,10.34,56,57904,-1
13:55:21,10.34,159,164406,-1
13:55:18,10.34,300,310200,1
13:55:15,10.34,69,71346,1
13:55:12,10.33,205,211765,-1
13:55:09,10.33,81,83673,-1
13:55:06,10.34,76,78584,1
13:55:03,10.34,374,386716,-1
13:55:00,10.34,72,74448,-1
13:54:57,10.34,19,19646,-1
13:54:54,10.34,157,162338,-1
13:54:48,10.34,60,62040,-1
13:54:45,10.35,21,21735,1
13:54:42,10.35,1,1035,1
13:54:39,10.35,24,25067,-1
13:54:36,10.35,13,13455,-1
13:54:33,10.36,1,1036,1
13:54:30,10.35,92,95220,-1
13:54:27,10.35,97,100395,-1
13:54:24,10.35,75,77625,-1
13:54:21,10.35,270,280257,1
13:54:18,10.35,274,283590,1
13:54:15,10.35,123,127305,1
13:54:12,10.34,223,230582,-1
13:54:09,10.34,105,108570,-1
13:54:06,10.35,110,113850,1
13:54:03,10.34,207,214038,-1
13:54:00,10.34,116,119944,-1
13:53:57,10.34,50,51700,-1
13:53:54,10.34,137,141658,-1
13:53:48,10.34,139,143726,-1
13:53:45,10.34,56,57904,-1
13:53:42,10.35,70,72677,-1
13:53:39,10.35,161,166635,-1
13:53:36,10.35,65,67275,-1
13:53:33,10.35,40,41400,-1
13:53:30,10.35,40,41400,-1
13:53:27,10.35,7,7245,-1
13:53:24,10.36,37,38332,1
13:53:21,10.36,21,21756,1
13:53:18,10.36,236,244496,1
13:53:15,10.36,50,51800,1
13:53:12,10.35,797,824895,-1
13:53:09,10.35,67,69345,-1
13:53:06,10.35,45,46575,-1
13:53:03,10.36,43,44548,1
13:53:00,10.35,26,26910,-1
13:52:57,10.36,97,100492,1
13:52:54,10.35,65,67275,-1
13:52:48,10.36,14,14504,1
13:52:45,10.36,20,20720,1
13:52:42,10.35,616,637560,-1
13:52:39,10.36,36,37296,-1
13:52:36,10.37,272,282354,1
13:52:33,10.36,131,135716,-1
13:52:30,10.37,239,247842,1
13:52:27,10.37,59,61182,1
13:52:24,10.37,11,11407,1
13:52:21,10.37,10,10370,1
13:52:18,10.37,127,131699,1
13:52:15,10.37,6,6221,1
13:52:12,10.37,320,332586,-1
13:52:09,10.38,41,42558,1
13:52:06,10.37,40,41480,-1
13:52:03,10.37,233,241620,-1
13:52:00,10.37,495,513314,-1
13:51:57,10.37,84,87108,-1
13:51:54,10.37,280,290360,-1
13:51:51,10.38,182,188916,1
13:51:45,10.37,11,11407,-1
13:51:42,10.37,153,158661,-1
13:51:39,10.38,25,25950,1
13:51:33,10.38,19,19722,1
13:51:30,10.38,20,20760,1
13:51:27,10.38,54,56052,1
13:51:24,10.37,224,232287,-1
13:51:21,10.38,20,20760,1
13:51:18,10.38,7,7266,1
13:51:15,10.38,11,11418,1
13:51:12,10.38,137,142206,1
13:51:09,10.38,12,12456,-1
13:51:06,10.38,94,97572,1
13:51:03,10.38,29,30102,1
13:51:00,10.38,54,56052,1
13:50:54,10.38,10,10380,1
13:50:51,10.37,92,95404,-1
13:50:48,10.37,208,215695,-1
13:50:45,10.38,55,57090,1
13:50:42,10.38,11,11418,0
13:50:39,10.37,10,10370,-1
13:50:36,10.38,125,129750,-1
13:50:33,10.39,17,17663,1
13:50:30,10.39,9,9351,1
13:50:27,10.38,30,31140,-1
13:50:24,10.39,19,19741,1
13:50:21,10.39,3,3117,1
13:50:18,10.39,7,7273,1
13:50:15,10.38,30,31140,-1
13:50:12,10.38,237,246006,1
13:50:09,10.37,379,393022,-1
13:50:06,10.38,81,84078,1
13:50:03,10.38,5,5190,1
13:50:00,10.38,20,20760,1
13:49:57,10.38,101,104838,1
13:49:54,10.38,122,126636,1
13:49:51,10.37,63,65330,-1
13:49:48,10.38,41,42558,1
13:49:45,10.38,97,100686,1
13:49:42,10.38,240,249120,1
13:49:39,10.38,1,1038,1
13:49:36,10.38,36,37368,1
13:49:33,10.37,159,164883,-1
13:49:30,10.38,9,9342,1
13:49:27,10.37,17,17629,-1
13:49:18,10.37,10,10370,-1
13:49:15,10.37,144,149328,-1
13:49:12,10.37,536,556640,1
13:49:09,10.37,53,54960,1
13:49:06,10.35,91,94185,-1
13:49:03,10.36,65,67340,0
13:49:00,10.35,241,249435,-1
13:48:57,10.36,51,52836,1
13:48:54,10.36,74,76664,1
13:48:48,10.36,62,64232,1
13:48:45,10.36,108,111888,1
13:48:42,10.36,59,61124,1
13:48:36,10.36,52,53872,-1
13:48:30,10.35,101,104535,-1
13:48:27,10.36,16,16576,-1
13:48:24,10.36,122,126392,1
13:48:21,10.36,1,1036,1
13:48:18,10.35,21,21735,-1
13:48:12,10.36,157,162652,1
13:48:09,10.36,6,6216,1
13:48:06,10.36,7,7252,1
13:48:03,10.35,114,117990,-1
13:48:00,10.36,24,24864,1
13:47:57,10.36,65,67340,1
13:47:54,10.36,42,43512,1
13:47:51,10.35,16,16560,-1
13:47:48,10.36,19,19684,1
13:47:45,10.36,2,2072,1
13:47:42,10.35,25,25875,-1
13:47:39,10.36,105,108780,1
13:47:36,10.36,3,3108,1
13:47:33,10.36,22,22792,1
13:47:27,10.35,6,6210,-1
13:47:21,10.36,20,20720,1
13:47:18,10.35,159,164565,1
13:47:15,10.34,13,13442,-1
13:47:12,10.34,13,13442,-1
13:47:09,10.35,20,20700,1
13:47:06,10.35,34,35190,-1
13:47:03,10.35,259,268065,1
13:47:00,10.35,292,302220,-1
13:46:48,10.35,19,19665,-1
13:46:45,10.36,1,1036,-1
13:46:42,10.37,10,10370,1
13:46:39,10.36,8,8288,1
13:46:36,10.36,20,20720,1
13:46:33,10.35,29,30015,1
13:46:30,10.35,488,505080,-1
13:46:27,10.36,42,43512,1
13:46:24,10.35,35,36225,-1
13:46:18,10.36,8,8288,1
13:46:15,10.35,498,515430,-1
13:46:12,10.35,58,60030,-1
13:46:09,10.36,226,234136,1
13:46:06,10.36,43,44548,1
13:46:03,10.36,6,6216,1
13:46:00,10.36,6,6216,1
13:45:57,10.36,25,25900,1
13:45:54,10.36,131,135716,1
13:45:51,10.36,13,13468,1
13:45:45,10.36,60,62160,1
13:45:42,10.36,62,64232,1
13:45:39,10.35,6,6210,-1
13:45:36,10.36,42,43512,-1
13:45:33,10.37,32,33184,1
13:45:30,10.36,241,250421,-1
13:45:27,10.36,40,41440,-1
13:45:21,10.37,65,67405,1
13:45:18,10.36,6,6216,-1
13:45:15,10.36,20,20720,-1
13:45:12,10.37,115,119254,1
13:45:09,10.36,89,92204,-1
13:45:06,10.37,52,53923,1
13:45:03,10.36,39,40404,-1
13:45:00,10.36,40,41440,-1
13:44:57,10.36,24,25154,1
13:44:54,10.36,50,51800,1
13:44:51,10.36,83,85988,1
13:44:48,10.36,8,8288,1
13:44:45,10.36,16,16576,1
13:44:42,10.36,10,10360,1
13:44:39,10.36,215,222740,1
13:44:36,10.36,43,45293,-1
13:44:33,10.36,105,108780,-1
13:44:30,10.36,7,7252,-1
13:44:27,10.37,10,10370,1
13:44:24,10.36,144,149184,-1
13:44:21,10.37,1,1037,1
13:44:18,10.36,35,36260,-1
13:44:15,10.37,45,46665,1
13:44:12,10.36,124,128464,-1
13:44:09,10.37,151,156587,1
13:44:06,10.37,5,5185,1
13:44:03,10.37,1,1037,1
13:44:00,10.37,27,27998,1
13:43:57,10.37,2,2074,1
13:43:54,10.37,31,32146,-1
13:43:51,10.37,155,160735,-1
13:43:45,10.37,70,72590,-1
13:43:42,10.37,50,51849,-1
13:43:39,10.37,426,441761,-1
13:43:36,10.37,282,292434,1
13:43:33,10.36,64,66594,1
13:43:30,10.36,62,64232,1
13:43:24,10.35,1,1035,-1
13:43:21,10.36,1,1036,1
13:43:15,10.36,92,95312,1
13:43:12,10.36,15,15540,1
13:43:09,10.36,30,31080,1
13:43:06,10.36,349,362309,-1
13:43:00,10.37,63,65330,1
13:42:57,10.37,147,152439,-1
13:42:54,10.37,30,31109,-1
13:42:51,10.38,30,31140,1
13:42:48,10.37,49,50812,1
13:42:42,10.37,2,2074,1
13:42:39,10.37,8,8296,1
13:42:33,10.37,52,53923,-1
13:42:27,10.38,250,259500,1
13:42:24,10.38,67,69546,1
13:42:18,10.37,16,16592,1
13:42:15,10.37,259,268583,-1
13:42:12,10.37,66,69468,1
13:42:09,10.37,88,91256,1
13:42:06,10.37,16,16592,1
13:42:03,10.37,10,10370,-1
13:42:00,10.38,17,17646,1
13:41:57,10.37,18,18666,1
13:41:54,10.37,25,25924,-1
13:41:51,10.37,234,242657,1
13:41:48,10.37,68,70516,1
13:41:45,10.37,10,10370,1
13:41:42,10.36,20,20720,-1
13:41:39,10.37,24,24887,1
13:41:36,10.36,28,29008,-1
13:41:33,10.37,80,82960,1
13:41:30,10.36,5,5180,-1
13:41:27,10.36,52,53872,-1
13:41:21,10.36,34,35224,-1
13:41:18,10.36,90,93540,1
13:41:15,10.36,20,20720,1
13:41:12,10.36,2,2072,1
13:41:09,10.36,14,14504,1
13:41:06,10.36,21,21756,1
13:41:03,10.36,6,6216,1
13:41:00,10.36,20,20720,1
13:40:57,10.36,76,78736,1
13:40:54,10.36,51,52836,1
13:40:51,10.36,50,51800,1
13:40:48,10.35,41,42435,1
13:40:45,10.35,137,141795,-1
13:40:42,10.36,39,40404,1
13:40:39,10.36,314,326039,1
13:40:36,10.35,9,9315,-1
13:40:33,10.36,43,44548,1
13:40:27,10.35,1,1035,-1
13:40:24,10.35,30,31050,-1
13:40:21,10.35,4,4140,-1
13:40:18,10.35,31,32085,-1
13:40:15,10.35,446,461910,-1
13:40:12,10.35,40,41400,-1
13:40:09,10.35,201,208035,1
13:40:06,10.34,139,143726,-1
13:40:03,10.34,79,81686,-1
13:40:00,10.35,72,74520,1
13:39:57,10.33,142,146686,-1
13:39:54,10.34,124,128216,1
13:39:51,10.33,20,20660,-1
13:39:48,10.34,30,31020,1
13:39:45,10.34,8,8272,1
13:39:42,10.34,112,115808,-1
13:39:39,10.35,140,144900,1
13:39:36,10.34,9,9306,-1
13:39:33,10.34,18,18612,-1
13:39:30,10.35,44,45540,1
13:39:27,10.34,48,49632,-1
13:39:24,10.35,2,2070,1
13:39:21,10.35,18,18630,1
13:39:18,10.35,57,58995,1
13:39:15,10.35,1098,1136430,-1
13:39:12,10.37,129,133773,1
13:39:09,10.37,44,45628,1
13:39:06,10.37,16,16592,1
13:39:03,10.37,52,53923,1
13:39:00,10.37,38,39406,1
13:38:57,10.37,4,4148,1
13:38:54,10.36,125,129500,-1
13:38:51,10.37,47,48738,1
13:38:48,10.36,448,464128,-1
13:38:45,10.37,117,121328,1
13:38:42,10.36,24,24864,-1
13:38:39,10.36,4,4144,-1
13:38:36,10.37,11,11407,1
13:38:33,10.36,46,47656,-1
13:38:30,10.37,23,23851,1
13:38:27,10.37,7,7258,1
13:38:24,10.36,52,53872,-1
13:38:21,10.37,37,38369,1
13:38:18,10.36,118,122248,-1
13:38:15,10.36,226,234136,-1
13:38:12,10.36,264,273504,-1
13:38:09,10.36,129,133644,-1
13:38:06,10.36,140,145040,-1
13:38:03,10.36,7,7252,-1
13:38:00,10.37,3,3110,1
13:37:57,10.37,7,7258,1
13:37:54,10.37,5,5185,1
13:37:51,10.37,201,208436,-1
13:37:48,10.37,633,656421,-1
13:37:42,10.37,9,9333,-1
13:37:39,10.37,5,5185,-1
13:37:36,10.37,72,74664,-1
13:37:33,10.39,170,176630,1
13:37:30,10.37,36,37332,-1
13:37:27,10.38,219,227322,0
13:37:21,10.37,357,370209,-1
13:37:18,10.38,22,22836,-1
13:37:15,10.38,133,138054,-1
13:37:12,10.38,6,6228,-1
13:37:09,10.38,50,51900,-1
13:37:06,10.39,105,109095,1
13:37:03,10.38,36,37368,-1
13:37:00,10.39,6,6234,1
13:36:57,10.39,667,693013,1
13:36:54,10.37,10,10370,-1
13:36:51,10.38,2,2076,1
13:36:48,10.37,47,48738,-1
13:36:45,10.38,50,51900,1
13:36:42,10.38,30,31140,1
13:36:39,10.38,9,9373,-1
13:36:36,10.38,12,13462,1
13:36:33,10.38,701,727669,-1
13:36:30,10.38,64,66432,-1
13:36:27,10.39,198,205722,1
13:36:24,10.38,235,243930,-1
13:36:21,10.39,32,33248,1
13:36:18,10.39,28,29092,1
13:36:15,10.39,20,20780,1
13:36:12,10.38,759,787842,-1
13:36:06,10.39,15,15585,1
13:36:03,10.39,55,57145,1
13:36:00,10.39,7,7273,1
13:35:57,10.39,10,10390,1
13:35:54,10.39,15,15585,1
13:35:51,10.39,199,206761,1
13:35:48,10.39,11,11429,1
13:35:45,10.39,66,68574,1
13:35:42,10.39,30,31170,1
13:35:39,10.39,38,39482,-1
13:35:36,10.39,23,23897,-1
13:35:33,10.39,20,20780,-1
13:35:30,10.39,42,43638,-1
13:35:27,10.39,48,49872,1
13:35:24,10.39,18,18702,1
13:35:21,10.39,49,50911,1
13:35:18,10.38,50,51900,-1
13:35:15,10.39,256,265984,-1
13:35:12,10.39,140,145460,-1
13:35:09,10.4,96,99840,1
13:35:06,10.39,32,33248,-1
13:35:03,10.4,103,107120,1
13:35:00,10.39,18,18702,-1
13:34:57,10.39,65,67535,-1
13:34:54,10.4,60,62400,1
13:34:51,10.4,104,108160,1
13:34:48,10.39,18,18702,-1
13:34:45,10.39,14,14546,-1
13:34:42,10.4,123,127920,1
13:34:39,10.4,97,100880,1
13:34:36,10.39,134,139226,-1
13:34:33,10.39,132,137148,-1
13:34:30,10.4,17,17680,1
13:34:27,10.4,89,92560,1
13:34:24,10.4,3,3120,1
13:34:21,10.39,101,104939,-1
13:34:18,10.4,30,31200,1
13:34:15,10.4,62,64480,1
13:34:12,10.4,33,34320,1
13:34:09,10.4,5,5200,1
13:34:06,10.39,27,28053,-1
13:34:03,10.4,128,133120,1
13:34:00,10.39,98,101822,-1
13:33:57,10.4,114,118560,1
13:33:54,10.4,101,105040,1
13:33:51,10.4,38,39520,1
13:33:48,10.4,25,26000,1
13:33:45,10.39,210,218190,-1
13:33:42,10.38,166,172308,-1
13:33:39,10.39,102,105978,1
13:33:36,10.39,90,93510,1
13:33:33,10.38,18,18684,-1
13:33:30,10.39,11,11429,1
13:33:27,10.39,93,96627,1
13:33:24,10.38,10,10380,-1
13:33:18,10.38,19,19722,-1
13:33:15,10.38,103,106914,-1
13:33:12,10.38,20,20760,-1
13:33:09,10.39,138,143382,1
13:33:06,10.39,390,405210,1
13:33:03,10.38,87,90306,-1
13:33:00,10.39,28,29092,1
13:32:57,10.39,16,16624,1
13:32:54,10.38,66,68508,-1
13:32:51,10.38,42,43596,-1
13:32:48,10.39,106,110134,-1
13:32:45,10.39,161,167279,-1
13:32:42,10.4,85,88400,1
13:32:39,10.4,3,3120,1
13:32:36,10.4,10,10400,1
13:32:33,10.4,39,40560,-1
13:32:30,10.4,88,91520,-1
13:32:27,10.41,39,40599,1
13:32:24,10.41,6,6246,1
13:32:21,10.41,669,696429,-1
13:32:18,10.42,100,104200,1
13:32:15,10.42,113,117746,1
13:32:12,10.42,173,180266,-1
13:32:09,10.43,81,84483,1
13:32:06,10.43,473,493339,1
13:32:03,10.43,75,78225,1
13:32:00,10.43,178,185654,-1
13:31:57,10.44,85,88740,0
13:31:54,10.45,129,134805,1
13:31:51,10.43,140,146020,-1
13:31:48,10.44,37,38628,-1
13:31:45,10.45,29,30304,1
13:31:42,10.45,135,141075,1
13:31:39,10.45,84,87780,-1
13:31:36,10.45,111,115994,-1
13:31:33,10.44,30,31320,-1
13:31:30,10.44,311,324684,-1
13:31:27,10.45,127,132715,-1
13:31:24,10.46,445,465470,1
13:31:21,10.45,115,120174,-1
13:31:18,10.45,700,731500,-1
13:31:15,10.46,221,231166,1
13:31:12,10.45,344,359480,-1
13:31:09,10.46,27,28242,1
13:31:06,10.46,124,129704,1
13:31:03,10.45,105,109724,-1
13:31:00,10.46,44,46024,1
13:30:57,10.46,123,128658,1
13:30:54,10.46,94,98324,1
13:30:51,10.46,75,78450,1
13:30:48,10.46,203,212338,1
13:30:45,10.46,86,89956,1
13:30:42,10.46,640,669440,1
13:30:39,10.46,177,185142,1
13:30:36,10.46,266,278236,1
13:30:33,10.46,178,186188,1
13:30:30,10.46,94,98324,1
13:30:27,10.46,241,252086,1
13:30:24,10.46,65,67990,1
13:30:21,10.45,115,120174,-1
13:30:18,10.45,103,107634,0
13:30:15,10.46,256,267776,1
13:30:12,10.44,86,89784,-1
13:30:09,10.45,460,480699,0
13:30:06,10.43,95,99085,-1
13:30:03,10.45,319,333355,1
13:30:00,10.44,147,153468,1
13:29:57,10.43,325,338975,1
13:29:54,10.43,103,107429,-1
13:29:51,10.46,262,274052,1
13:29:48,10.46,1045,1093070,1
13:29:45,10.44,132,137808,-1
13:29:42,10.45,22,22990,1
13:29:39,10.45,183,191235,-1
13:29:36,10.45,226,236169,1
13:29:33,10.42,1559,1624478,-1
13:29:30,10.45,90,94050,1
13:29:27,10.45,2,2090,1
13:29:24,10.44,96,100224,-1
13:29:21,10.46,116,121336,1
13:29:18,10.45,10,10450,1
13:29:15,10.45,187,195415,1
13:29:12,10.45,57,59564,1
13:29:09,10.45,53,55384,-1
13:29:06,10.45,51,53295,-1
13:29:03,10.46,550,575300,1
13:29:00,10.45,65,67925,1
13:28:57,10.44,55,57420,-1
13:28:54,10.45,26,27169,0
13:28:51,10.46,129,134934,1
13:28:48,10.44,517,539748,-1
13:28:45,10.45,64,66921,-1
13:28:42,10.46,296,309616,1
13:28:39,10.46,174,182004,1
13:28:36,10.46,184,192464,1
13:28:33,10.46,27,28242,1
13:28:30,10.46,25,26150,1
13:28:27,10.47,424,443928,1
13:28:24,10.46,452,473806,-1
13:28:21,10.47,22,23034,1
13:28:18,10.47,247,258609,-1
13:28:12,10.47,359,375873,1
13:28:09,10.45,517,540265,-1
13:28:06,10.45,57,59564,-1
13:28:03,10.46,74,77404,1
13:28:00,10.46,141,147486,1
13:27:57,10.46,47,49162,1
13:27:54,10.46,12,12552,1
13:27:51,10.45,242,253924,1
13:27:48,10.45,99,103455,1
13:27:45,10.45,608,635360,1
13:27:42,10.45,170,177650,1
13:27:39,10.45,164,171380,1
13:27:36,10.45,98,102410,1
13:27:33,10.45,220,229899,1
13:27:30,10.44,375,391500,1
13:27:27,10.44,99,103356,1
13:27:24,10.43,197,205471,-1
13:27:21,10.44,134,139896,1
13:27:18,10.44,60,62640,1
13:27:15,10.44,157,163908,1
13:27:12,10.43,174,181482,-1
13:27:09,10.44,90,93960,1
13:27:06,10.44,164,171216,-1
13:27:03,10.45,63,65835,1
13:27:00,10.44,4,4176,1
13:26:57,10.44,2,2088,1
13:26:54,10.43,6,6258,0
13:26:51,10.41,3,3123,-1
13:26:48,10.41,2934,3054294,1
13:26:45,10.41,4,4164,1
13:26:42,10.41,126,131166,1
13:26:39,10.4,8,8320,-1
13:26:36,10.41,409,425987,1
13:26:33,10.4,1040,1081600,1
13:26:27,10.38,100,103800,-1
13:26:24,10.39,40,41560,1
13:26:21,10.39,12,12468,-1
13:26:18,10.4,47,48880,1
13:26:15,10.4,512,532480,1
13:26:12,10.38,46,47748,-1
13:26:09,10.39,56,58184,1
13:26:06,10.39,7,7273,1
13:26:03,10.39,31,32209,1
13:26:00,10.39,10,10390,1
13:25:57,10.39,43,44677,1
13:25:54,10.39,14,14546,1
13:25:51,10.39,4,4156,1
13:25:48,10.38,26,26988,-1
13:25:45,10.4,34,35360,1
13:25:42,10.39,129,134031,-1
13:25:39,10.39,122,126758,1
13:25:36,10.39,31,32209,1
13:25:33,10.38,212,220056,-1
13:25:27,10.39,56,58184,1
13:25:24,10.39,14,14546,1
13:25:21,10.39,77,80003,1
13:25:18,10.39,23,23897,1
13:25:15,10.38,34,35292,-1
13:25:12,10.39,12,12468,1
13:25:09,10.39,3,3117,1
13:25:06,10.38,11,11418,-1
13:25:00,10.39,24,24936,1
13:24:54,10.39,171,177669,-1
13:24:48,10.39,1,1039,-1
13:24:45,10.4,58,60320,1
13:24:42,10.39,72,74808,-1
13:24:39,10.39,106,110134,-1
13:24:36,10.4,43,44720,1
13:24:33,10.38,8,8304,-1
13:24:30,10.39,10,10390,0
13:24:27,10.4,4,4160,1
13:24:24,10.4,28,29120,1
13:24:21,10.39,187,194293,1
13:24:18,10.39,8,8312,1
13:24:15,10.39,287,298193,-1
13:24:12,10.4,7,7280,1
13:24:09,10.4,87,90480,1
13:24:06,10.4,10,10400,1
13:24:00,10.4,172,178880,1
13:23:57,10.39,30,31170,-1
13:23:54,10.4,42,43680,1
13:23:51,10.39,10,10390,-1
13:23:45,10.39,84,87276,-1
13:23:39,10.4,6,6240,1
13:23:36,10.39,11,11429,-1
13:23:33,10.39,4,4156,-1
13:23:30,10.4,15,15600,1
13:23:27,10.39,71,73769,1
13:23:24,10.39,236,245204,1
13:23:18,10.39,67,69613,1
13:23:15,10.39,295,306515,-1
13:23:12,10.39,16,16624,-1
13:23:09,10.4,20,21829,1
13:23:06,10.39,107,111173,-1
13:23:00,10.4,22,22880,1
13:22:57,10.4,12,12480,1
13:22:54,10.39,100,103900,-1
13:22:51,10.4,574,596960,1
13:22:45,10.39,181,188059,-1
13:22:42,10.4,15,15600,1
13:22:39,10.39,5,5195,-1
13:22:36,10.4,30,31200,1
13:22:33,10.39,133,138187,1
13:22:24,10.39,64,66496,1
13:22:21,10.39,3,3117,-1
13:22:18,10.38,168,174384,-1
13:22:15,10.4,9,9360,1
13:22:12,10.4,18,18720,1
13:22:09,10.4,11,11440,1
13:22:06,10.39,46,47794,0
13:22:03,10.38,174,180612,-1
13:22:00,10.4,7,7280,1
13:21:57,10.39,751,780289,1
13:21:54,10.38,167,173346,-1
13:21:48,10.38,1,1038,-1
13:21:45,10.39,133,138187,1
13:21:42,10.38,342,354996,-1
13:21:39,10.39,25,25975,1
13:21:36,10.39,9,9351,1
13:21:33,10.39,57,59223,1
13:21:30,10.39,6,6234,1
13:21:27,10.39,294,305466,-1
13:21:24,10.39,113,117407,-1
13:21:21,10.4,99,102960,1
13:21:18,10.39,20,20780,-1
13:21:15,10.39,32,33248,-1
13:21:12,10.39,41,42599,-1
13:21:09,10.39,134,139226,-1
13:21:06,10.4,22,22880,1
13:21:03,10.39,310,322090,-1
13:21:00,10.4,23,23920,1
13:20:57,10.39,4,4156,-1
13:20:54,10.39,25,25975,-1
13:20:51,10.39,3,3117,-1
13:20:48,10.39,55,57145,-1
13:20:45,10.39,1,1039,-1
13:20:42,10.39,75,77925,-1
13:20:39,10.4,33,34320,1
13:20:33,10.4,28,29120,1
13:20:30,10.39,109,113251,-1
13:20:24,10.39,25,25975,-1
13:20:21,10.39,20,20780,-1
13:20:18,10.39,10,10390,-1
13:20:12,10.38,510,529380,-1
13:20:09,10.39,47,48833,-1
13:20:06,10.39,5,5195,-1
13:20:03,10.38,3005,3119190,-1
13:20:00,10.38,22,22836,-1
13:19:57,10.39,7,7273,1
13:19:51,10.39,208,216112,1
13:19:48,10.38,5,5190,-1
13:19:45,10.39,10,10390,1
13:19:42,10.39,12,12468,1
13:19:39,10.39,4,4156,1
13:19:36,10.38,25,25950,-1
13:19:33,10.38,26,28005,-1
13:19:30,10.39,2,2078,1
13:19:27,10.39,151,156889,1
13:19:24,10.38,46,48775,-1
13:19:21,10.39,23,23897,1
13:19:18,10.38,2,2076,-1
13:19:15,10.39,20,20780,1
13:19:12,10.38,6,6228,-1
13:19:09,10.38,50,51900,-1
13:19:06,10.39,26,27014,1
13:19:03,10.39,34,35326,1
13:19:00,10.39,5,5195,1
13:18:57,10.38,71,73698,-1
13:18:54,10.39,8,8312,1
13:18:51,10.39,151,156889,1
13:18:48,10.39,17,17663,1
13:18:45,10.39,126,130914,1
13:18:42,10.38,35,36330,-1
13:18:39,10.38,494,512772,1
13:18:36,10.38,4,4152,1
13:18:33,10.38,65,67470,1
13:18:30,10.37,118,122365,-1
13:18:27,10.38,986,1023468,-1
13:18:24,10.38,48,49824,-1
13:18:21,10.39,11,11429,1
13:18:18,10.39,26,27014,1
13:18:15,10.39,79,82081,1
13:18:12,10.38,27,28026,-1
13:18:09,10.39,239,248321,1
13:18:06,10.39,55,57145,1
13:18:03,10.39,109,113251,1
13:18:00,10.39,13,13507,1
13:17:57,10.39,106,110134,1
13:17:54,10.39,25,25975,1
13:17:51,10.39,62,64418,1
13:17:48,10.39,37,38443,1
13:17:45,10.39,81,84159,1
13:17:42,10.39,172,178708,1
13:17:39,10.39,30,31170,1
13:17:36,10.39,10,10390,1
13:17:33,10.39,58,60262,1
13:17:30,10.39,177,183903,1
13:17:27,10.39,183,190137,1
13:17:24,10.39,125,129875,1
13:17:21,10.39,120,124680,1
13:17:18,10.39,13,13507,1
13:17:15,10.39,97,100783,1
13:17:12,10.39,91,94549,1
13:17:09,10.39,39,40521,1
13:17:06,10.39,13,13507,1
13:17:03,10.39,90,93510,1
13:17:00,10.39,27,28053,1
13:16:57,10.39,203,210917,-1
13:16:54,10.39,130,135070,-1
13:16:51,10.4,115,119600,1
13:16:48,10.39,81,84159,1
13:16:45,10.39,1961,2037479,-1
13:16:42,10.39,190,197410,1
13:16:39,10.39,91,94549,1
13:16:36,10.39,37,38443,1
13:16:33,10.39,54,56106,1
13:16:30,10.39,133,138187,1
13:16:24,10.38,10,10380,-1
13:16:21,10.38,78,81399,1
13:16:18,10.38,129,133902,1
13:16:15,10.38,17,17646,1
13:16:12,10.37,531,550647,-1
13:16:09,10.38,221,229398,1
13:16:06,10.38,20,20760,1
13:16:03,10.38,13,13494,1
13:16:00,10.38,36,37368,1
13:15:57,10.37,50,51849,1
13:15:54,10.37,84,87108,1
13:15:51,10.36,174,180264,-1
13:15:48,10.37,82,85034,1
13:15:45,10.36,120,124320,1
13:15:42,10.36,79,81844,1
13:15:39,10.36,139,144004,-1
13:15:36,10.37,30,31109,1
13:15:33,10.37,4,4148,1
13:15:30,10.37,14,14517,1
13:15:27,10.37,54,55997,1
13:15:24,10.37,280,290360,1
13:15:21,10.37,81,83997,1
13:15:18,10.35,19,19665,-1
13:15:15,10.35,60,62100,-1
13:15:12,10.36,20,20720,-1
13:15:09,10.37,18,18666,1
13:15:06,10.36,51,52836,1
13:15:03,10.36,4,4144,1
13:15:00,10.35,13,13455,-1
13:14:57,10.35,13,13455,-1
13:14:54,10.35,19,19665,-1
13:14:51,10.35,30,31050,-1
13:14:45,10.35,21,21735,-1
13:14:42,10.35,11,12181,-1
13:14:39,10.35,10,10350,0
13:14:36,10.34,258,267774,-1
13:14:33,10.34,153,158202,-1
13:14:30,10.34,268,277112,-1
13:14:27,10.34,41,42394,-1
13:14:24,10.35,1691,1750185,1
13:14:21,10.34,21,21714,-1
13:14:18,10.34,33,34122,-1
13:14:15,10.34,44,45496,-1
13:14:12,10.34,10,10340,-1
13:14:09,10.34,129,133386,1
13:14:06,10.33,79,81607,0
13:14:03,10.34,72,74448,1
13:14:00,10.33,2562,2646546,-1
13:13:57,10.34,74,76516,1
13:13:54,10.34,62,64108,1
13:13:51,10.34,460,475640,-1
13:13:48,10.34,104,107536,-1
13:13:45,10.34,1,1034,-1
13:13:42,10.35,48,49680,1
13:13:39,10.35,120,124200,1
13:13:36,10.35,158,163530,1
13:13:33,10.33,162,167346,-1
13:13:30,10.35,16,16560,1
13:13:27,10.33,400,413200,-1
13:13:24,10.35,87,90045,1
13:13:21,10.35,58,60030,1
13:13:18,10.33,61,63013,-1
13:13:15,10.34,219,226446,-1
13:13:12,10.34,72,74448,1
13:13:09,10.34,46,47564,1
13:13:06,10.34,99,102366,1
13:13:03,10.34,43,44462,1
13:13:00,10.34,16,16544,1
13:12:57,10.34,27,27918,1
13:12:51,10.33,169,174577,-1
13:12:48,10.34,83,85822,1
13:12:45,10.34,196,202664,-1
13:12:42,10.35,253,261855,1
13:12:39,10.35,79,81765,1
13:12:36,10.34,60,62040,-1
13:12:33,10.34,59,61006,-1
13:12:30,10.35,28,28980,1
13:12:27,10.34,62,64108,-1
13:12:21,10.35,35,36225,1
13:12:18,10.35,76,78660,1
13:12:15,10.35,194,200821,-1
13:12:12,10.36,88,91168,1
13:12:06,10.35,120,124200,-1
13:12:03,10.35,35,36225,-1
13:12:00,10.36,91,94276,1
13:11:57,10.35,20,20700,-1
13:11:54,10.36,88,91168,1
13:11:48,10.36,787,815332,1
13:11:45,10.36,126,130536,1
13:11:39,10.35,72,74520,-1
13:11:36,10.37,54,55997,1
13:11:30,10.37,18,18666,1
13:11:27,10.37,3,3110,1
13:11:21,10.35,117,121095,-1
13:11:18,10.36,4,4144,-1
13:11:15,10.37,400,414799,1
13:11:09,10.36,11,11396,-1
13:11:06,10.37,5,5185,1
13:11:03,10.35,364,376740,-1
13:11:00,10.37,185,192850,1
13:10:54,10.36,95,98420,1
13:10:51,10.36,18,18648,1
13:10:48,10.36,12,12432,1
13:10:45,10.36,66,68376,1
13:10:42,10.36,373,386459,-1
13:10:36,10.36,97,100492,-1
13:10:30,10.37,68,70516,1
13:10:27,10.37,2,2074,1
13:10:21,10.37,93,96441,1
13:10:18,10.37,57,59108,1
13:10:15,10.37,260,270625,1
13:10:12,10.37,26,26961,1
13:10:09,10.37,52,53923,1
13:10:06,10.37,21,21777,1
13:10:03,10.37,48,49775,1
13:10:00,10.37,6,6221,1
13:09:57,10.37,27,27998,1
13:09:54,10.37,10,10370,1
13:09:51,10.36,166,171976,-1
13:09:45,10.37,43,44591,1
13:09:42,10.36,50,51800,-1
13:09:36,10.37,17,17629,1
13:09:33,10.37,40,41480,1
13:09:30,10.36,11,11396,-1
13:09:27,10.36,10,10360,-1
13:09:24,10.37,4,4148,1
13:09:21,10.37,9,9333,1
13:09:18,10.37,21,21777,1
13:09:15,10.37,102,105773,1
13:09:12,10.37,23,23851,1
13:09:09,10.37,18,18666,1
13:09:06,10.37,5,5185,1
13:09:03,10.36,35,36260,-1
13:09:00,10.37,54,55997,1
13:08:57,10.36,3,3108,-1
13:08:54,10.37,10,10370,1
13:08:51,10.36,14,14504,-1
13:08:48,10.37,2,2074,1
13:08:45,10.37,4,4148,1
13:08:42,10.37,30,31109,1
13:08:39,10.36,16,16576,-1
13:08:36,10.37,16,16592,1
13:08:27,10.37,90,93330,1
13:08:24,10.37,68,70516,1
13:08:21,10.37,25,25924,1
13:08:18,10.37,7,7258,1
13:08:12,10.37,15,15554,1
13:08:09,10.36,5,5180,-1
13:08:06,10.36,10,10360,-1
13:08:03,10.36,1,1036,-1
13:08:00,10.37,18,18666,1
13:07:57,10.36,23,23828,1
13:07:54,10.36,12,12432,1
13:07:48,10.36,35,36260,-1
13:07:45,10.36,15,15540,0
13:07:39,10.35,229,237015,-1
13:07:36,10.36,51,52836,1
13:07:33,10.35,6,6210,-1
13:07:30,10.36,2,2072,1
13:07:27,10.36,7,7252,1
13:07:24,10.36,10,10360,1
13:07:21,10.36,56,58016,-1
13:07:18,10.37,6,6221,1
13:07:15,10.37,10,10370,1
13:07:12,10.36,2,2072,1
13:07:09,10.36,25,25900,-1
13:07:06,10.36,10,10360,0
13:07:03,10.37,73,75701,1
13:07:00,10.37,122,126513,1
13:06:57,10.36,10,10360,1
13:06:51,10.36,33,34188,1
13:06:48,10.36,2,2072,1
13:06:45,10.36,9,9324,1
13:06:39,10.36,33,34188,-1
13:06:36,10.36,10,10360,-1
13:06:27,10.37,18,18666,1
13:06:24,10.37,36,37332,1
13:06:21,10.37,88,91256,1
13:06:18,10.36,23,23828,-1
13:06:12,10.37,46,47702,1
13:06:09,10.37,3,3110,1
13:06:06,10.37,5,5185,1
13:06:03,10.36,3,3108,-1
13:06:00,10.37,3,3110,1
13:05:57,10.35,19,19665,-1
13:05:54,10.36,13,13468,1
13:05:51,10.35,95,98325,-1
13:05:48,10.36,1,1036,-1
13:05:45,10.36,3,3108,0
13:05:42,10.36,3,3108,1
13:05:39,10.36,13,13468,1
13:05:36,10.36,17,17612,-1
13:05:33,10.35,161,166635,-1
13:05:30,10.37,65,67405,1
13:05:24,10.36,9,9324,1
13:05:21,10.36,15,15540,1
13:05:18,10.36,7,7252,1
13:05:15,10.35,33,34155,-1
13:05:12,10.35,6,6210,-1
13:05:06,10.36,5,5180,1
13:05:03,10.37,64,66368,1
13:05:00,10.37,3,3110,1
13:04:54,10.34,14,14476,-1
13:04:51,10.35,11,11385,1
13:04:48,10.35,9,9315,-1
13:04:45,10.35,1,1035,0
13:04:42,10.38,961,997518,1
13:04:39,10.35,16,16560,1
13:04:33,10.35,43,44505,-1
13:04:30,10.35,20,20700,-1
13:04:27,10.36,3,3108,1
13:04:24,10.36,91,94276,1
13:04:21,10.35,2,2070,-1
13:04:18,10.36,25,25900,1
13:04:15,10.35,10,10350,1
13:04:12,10.35,16,16560,1
13:04:09,10.35,6,6210,1
13:04:06,10.36,58,60088,1
13:04:03,10.36,10,10360,1
13:04:00,10.36,17,17612,1
13:03:54,10.36,25,25900,1
13:03:45,10.36,60,62160,1
13:03:42,10.36,15,15540,1
13:03:39,10.35,5,5175,1
13:03:30,10.34,16,16544,-1
13:03:27,10.34,27,27918,-1
13:03:21,10.36,192,198912,1
13:03:18,10.33,115,118795,-1
13:03:15,10.34,9,9306,1
13:03:12,10.34,42,43428,1
13:03:09,10.34,2,2068,1
13:03:06,10.34,10,10340,1
13:03:00,10.34,20,20680,1
13:02:57,10.33,353,364649,-1
13:02:54,10.34,24,24816,-1
13:02:51,10.35,145,150075,1
13:02:48,10.33,25,25825,-1
13:02:45,10.34,26,26884,-1
13:02:42,10.34,10,10340,-1
13:02:39,10.35,5,5175,1
13:02:36,10.34,3,3102,-1
13:02:33,10.34,33,34122,1
13:02:30,10.33,3,3099,-1
13:02:24,10.34,58,59972,1
13:02:21,10.34,5,5170,1
13:02:18,10.34,15,15510,0
13:02:15,10.33,37,38221,-1
13:02:12,10.35,522,540270,1
13:02:09,10.34,10,10340,-1
13:02:06,10.35,22,22770,1
13:02:00,10.34,8,8272,1
13:01:57,10.33,45,46485,-1
13:01:54,10.33,73,75409,1
13:01:51,10.33,48,49584,1
13:01:48,10.33,5,5165,1
13:01:45,10.33,477,492741,-1
13:01:39,10.33,1,1033,-1
13:01:33,10.33,70,72310,-1
13:01:30,10.33,17,17561,-1
13:01:27,10.35,5,5175,1
13:01:24,10.33,2,2066,-1
13:01:21,10.33,6,6198,-1
13:01:18,10.33,1,1033,1
13:01:15,10.35,106,109710,1
13:01:12,10.35,199,205965,1
13:01:09,10.35,19,19665,1
13:01:06,10.33,52,53716,1
13:01:00,10.33,18,18594,-1
13:00:54,10.34,18,18612,-1
13:00:51,10.34,2,2068,-1
13:00:48,10.33,8,8264,1
13:00:45,10.33,22,22726,1
13:00:42,10.33,342,353286,-1
13:00:39,10.34,5,5170,-1
13:00:36,10.34,13,13442,1
13:00:33,10.33,9,9297,-1
13:00:30,10.33,530,547490,-1
13:00:24,10.33,27,27891,-1
13:00:18,10.34,319,329846,-1
13:00:15,10.35,46,47610,1
13:00:12,10.35,36,37260,1
13:00:09,10.35,380,393300,1
13:00:06,10.35,1671,1729485,-1
13:00:03,10.35,148,153180,-1
11:30:03,10.37,7,7258,1
11:30:00,10.33,28,28924,-1
11:29:57,10.33,121,124993,-1
11:29:51,10.37,378,391985,1
11:29:48,10.37,166,172142,1
11:29:45,10.34,50,51700,-1
11:29:42,10.35,106,109710,-1
11:29:36,10.35,244,252540,1
11:29:33,10.34,143,147862,1
11:29:30,10.34,2,2068,1
11:29:27,10.34,10,10340,1
11:29:24,10.33,228,235524,-1
11:29:21,10.34,37,38258,-1
11:29:18,10.34,3,3102,-1
11:29:15,10.34,54,55836,-1
11:29:12,10.34,50,51700,-1
11:29:09,10.35,4,4140,1
11:29:06,10.34,98,101332,1
11:29:03,10.33,93,96069,-1
11:29:00,10.34,2,2068,1
11:28:57,10.33,91,94003,1
11:28:54,10.33,157,162181,1
11:28:51,10.32,16,16512,-1
11:28:48,10.32,14,14448,-1
11:28:45,10.33,105,108465,1
11:28:42,10.33,10,10330,1
11:28:39,10.33,58,59914,1
11:28:36,10.33,43,44419,1
11:28:33,10.32,312,321984,-1
11:28:30,10.33,13,13429,-1
11:28:27,10.34,7,7238,-1
11:28:24,10.34,203,209902,1
11:28:21,10.33,104,107432,-1
11:28:18,10.34,21,21714,-1
11:28:15,10.34,39,40326,-1
11:28:12,10.34,7,7238,-1
11:28:09,10.34,211,218174,1
11:28:06,10.34,10,10340,1
11:28:03,10.34,141,145794,1
11:28:00,10.34,13,13442,1
11:27:57,10.33,56,57848,1
11:27:54,10.33,108,111564,1
11:27:51,10.33,338,349154,-1
11:27:48,10.33,55,56815,-1
11:27:45,10.33,7,7231,-1
11:27:42,10.33,8,8264,-1
11:27:39,10.34,39,40326,-1
11:27:36,10.35,14,14490,1
11:27:33,10.34,63,65142,-1
11:27:30,10.34,118,122012,0
11:27:27,10.33,48,49584,-1
11:27:24,10.34,209,216106,1
11:27:21,10.32,19,19608,-1
11:27:18,10.32,180,185760,-1
11:27:15,10.33,2,2066,1
11:27:12,10.32,921,950626,-1
11:27:09,10.34,1194,1235474,1
11:27:06,10.34,239,247126,1
11:27:03,10.33,17,17561,-1
11:27:00,10.34,208,215072,1
11:26:57,10.34,5,5170,1
11:26:54,10.33,1530,1580644,-1
11:26:51,10.34,26,26884,-1
11:26:48,10.35,307,317745,1
11:26:45,10.34,93,96162,-1
11:26:42,10.35,50,51750,1
11:26:39,10.35,5,5175,1
11:26:36,10.35,323,334305,-1
11:26:30,10.34,103,106502,-1
11:26:27,10.35,45,47454,1
11:26:24,10.35,41,42435,1
11:26:21,10.34,59,61006,-1
11:26:18,10.35,139,144020,-1
11:26:15,10.35,101,105414,1
11:26:12,10.35,149,154215,1
11:26:09,10.35,105,108675,1
11:26:06,10.35,214,221490,1
11:26:03,10.35,20,20700,1
11:26:00,10.35,982,1016525,-1
11:25:54,10.35,42,43470,-1
11:25:51,10.35,5,5175,-1
11:25:48,10.35,81,84714,1
11:25:45,10.35,20,20700,1
11:25:42,10.34,222,229703,-1
11:25:39,10.35,231,239085,-1
11:25:36,10.35,212,219420,-1
11:25:33,10.36,151,156436,1
11:25:30,10.35,191,197685,-1
11:25:27,10.35,204,211140,-1
11:25:21,10.36,120,124320,-1
11:25:18,10.36,359,371924,-1
11:25:15,10.37,101,104736,-1
11:25:12,10.37,210,217769,-1
11:25:09,10.38,1,1038,1
11:25:06,10.37,2,2074,-1
11:25:03,10.38,4,4152,1
11:25:00,10.37,180,186660,-1
11:24:57,10.38,23,23874,1
11:24:54,10.37,579,600423,1
11:24:51,10.36,209,216524,-1
11:24:42,10.39,4,4156,1
11:24:39,10.36,78,80808,-1
11:24:33,10.4,9,9360,1
11:24:30,10.39,6,6234,-1
11:24:27,10.39,84,87276,-1
11:24:24,10.39,13,13507,-1
11:24:21,10.38,5,5190,0
11:24:18,10.35,2369,2451915,-1
11:24:12,10.4,51,53040,1
11:24:09,10.38,265,275070,-1
11:24:06,10.38,5,5190,-1
11:24:03,10.4,215,223600,1
11:24:00,10.39,30,31170,1
11:23:54,10.38,10,10380,-1
11:23:48,10.38,18,18684,-1
11:23:45,10.38,10,10380,-1
11:23:42,10.38,6,6228,-1
11:23:30,10.4,5,5200,1
11:23:27,10.4,174,180960,-1
11:23:24,10.4,22,22880,-1
11:23:18,10.4,24,24960,-1
11:23:09,10.4,155,161200,-1
11:23:06,10.41,23,23943,-1
11:23:00,10.42,10,10420,1
11:22:57,10.42,6,6252,1
11:22:51,10.41,32,33312,-1
11:22:42,10.41,5,5205,-1
11:22:39,10.42,15,15630,1
11:22:36,10.42,11,11462,1
11:22:33,10.42,30,31260,1
11:22:30,10.42,140,145880,1
11:22:24,10.41,3,3123,-1
11:22:18,10.42,3,3126,1
11:22:15,10.42,80,83360,-1
11:22:12,10.42,30,31260,0
11:22:09,10.43,130,135590,1
11:22:06,10.42,9,9378,-1
11:22:03,10.43,14,14602,1
11:22:00,10.43,67,69881,1
11:21:57,10.42,50,52100,-1
11:21:54,10.43,6,6258,1
11:21:51,10.43,45,47748,-1
11:21:48,10.43,57,59680,1
11:21:45,10.43,18,18774,1
11:21:39,10.43,106,111371,-1
11:21:36,10.44,188,196501,1
11:21:33,10.44,161,168084,1
11:21:30,10.44,20,20880,1
11:21:27,10.43,16,16688,-1
11:21:24,10.43,79,82397,-1
11:21:21,10.43,30,31290,-1
11:21:18,10.43,35,36505,1
11:21:15,10.43,38,39634,1
11:21:12,10.43,76,79268,-1
11:21:09,10.43,61,63623,-1
11:21:06,10.43,71,74053,-1
11:21:03,10.43,2,2086,1
11:21:00,10.43,16,16688,1
11:20:57,10.42,51,53142,-1
11:20:54,10.42,62,64604,-1
11:20:51,10.43,13,13559,1
11:20:48,10.42,44,45848,-1
11:20:45,10.42,50,52100,-1
11:20:42,10.42,577,602265,1
11:20:39,10.42,28,29176,1
11:20:36,10.42,35,36470,1
11:20:30,10.42,30,31260,1
11:20:27,10.42,208,216746,-1
11:20:24,10.43,2,2086,1
11:20:21,10.42,4,4168,-1
11:20:18,10.42,166,172972,-1
11:20:12,10.42,105,109410,-1
11:20:09,10.42,12,12504,-1
11:20:06,10.42,7,7294,-1
11:20:03,10.42,106,110452,1
11:20:00,10.42,402,418884,1
11:19:57,10.41,192,199872,-1
11:19:54,10.41,88,92638,1
11:19:48,10.38,15,15570,-1
11:19:45,10.38,349,362262,-1
11:19:36,10.38,1,1038,1
11:19:33,10.38,409,424542,0
11:19:30,10.37,12,12443,-1
11:19:27,10.37,33,34221,-1
11:19:24,10.37,10,10370,-1
11:19:21,10.4,1024,1064960,1
11:19:18,10.37,30,31109,-1
11:19:15,10.37,12,13449,1
11:19:12,10.37,50,51849,1
11:19:06,10.37,18,18697,-1
11:19:03,10.37,65,67405,-1
11:19:00,10.38,4,4152,1
11:18:57,10.38,4,4152,1
11:18:54,10.37,59,61182,-1
11:18:51,10.37,14,14517,-1
11:18:48,10.37,40,41480,-1
11:18:45,10.37,2,3079,-1
11:18:42,10.37,25,25924,-1
11:18:39,10.37,39,40443,-1
11:18:36,10.37,11,11407,-1
11:18:30,10.37,25,25924,1
11:18:24,10.37,37,38369,1
11:18:21,10.36,10,10360,-1
11:18:18,10.36,20,20720,-1
11:18:15,10.37,147,152439,1
11:18:12,10.37,10,10370,1
11:18:09,10.37,4,4148,1
11:18:06,10.37,6,6221,1
11:18:03,10.37,27,27998,1
11:18:00,10.37,3,3110,1
11:17:57,10.37,23,23851,1
11:17:54,10.36,10,10360,-1
11:17:51,10.37,18,18666,1
11:17:48,10.37,134,138958,-1
11:17:45,10.37,13,13480,-1
11:17:42,10.37,11,11407,-1
11:17:36,10.37,77,79849,-1
11:17:30,10.37,141,146217,-1
11:17:27,10.38,19,19722,1
11:17:21,10.37,146,151402,-1
11:17:18,10.38,8,8304,1
11:17:15,10.37,94,97477,-1
11:17:12,10.37,17,17629,-1
11:17:09,10.37,30,31109,-1
11:17:06,10.38,47,48786,1
11:17:03,10.38,10,10380,1
11:17:00,10.38,23,23874,1
11:16:57,10.37,13,13480,1
11:16:54,10.37,505,523684,-1
11:16:51,10.38,21,21798,1
11:16:48,10.38,2,2076,1
11:16:42,10.37,50,51849,-1
11:16:39,10.38,61,63318,1
11:16:36,10.37,59,61182,-1
11:16:33,10.37,3,3110,-1
11:16:24,10.37,29,30072,-1
11:16:21,10.37,31,32146,1
11:16:15,10.37,95,98514,-1
11:16:12,10.37,16,16592,-1
11:16:09,10.37,18,18666,1
11:16:06,10.37,42,43554,0
11:16:03,10.38,220,228360,1
11:16:00,10.37,37,38369,-1
11:15:57,10.38,97,100686,-1
11:15:54,10.38,17,17646,-1
11:15:51,10.38,64,66432,-1
11:15:48,10.39,34,35326,1
11:15:45,10.38,4,4152,-1
11:15:42,10.38,5,5190,-1
11:15:39,10.38,2,2076,-1
11:15:33,10.38,11,11418,1
11:15:30,10.38,20,20760,1
11:15:27,10.38,225,233550,1
11:15:18,10.37,9,9333,-1
11:15:15,10.37,9,10121,1
11:15:12,10.37,135,139995,1
11:15:09,10.37,124,128587,1
11:15:06,10.37,76,78812,1
11:15:03,10.36,20,20720,-1
11:15:00,10.37,29,30072,1
11:14:57,10.36,14,14504,-1
11:14:54,10.37,72,74664,1
11:14:51,10.36,28,29008,-1
11:14:45,10.36,37,38332,-1
11:14:42,10.36,1,1036,-1
11:14:39,10.36,51,52836,-1
11:14:36,10.36,124,129375,1
11:14:33,10.35,28,28980,-1
11:14:30,10.35,14,14490,-1
11:14:27,10.35,78,80730,-1
11:14:24,10.36,37,38332,1
11:14:21,10.35,3,3105,-1
11:14:18,10.35,34,35190,-1
11:14:15,10.36,6,6216,1
11:14:12,10.35,361,373635,-1
11:14:09,10.35,5,5175,-1
11:14:06,10.35,2,2070,-1
11:14:03,10.36,127,131572,1
11:14:00,10.35,51,52785,-1
11:13:57,10.35,7,7245,-1
11:13:54,10.35,51,52785,-1
11:13:51,10.36,120,124320,1
11:13:48,10.35,135,139725,1
11:13:45,10.35,526,544410,-1
11:13:39,10.36,20,20720,1
11:13:36,10.35,173,179055,-1
11:13:33,10.36,4,4144,1
11:13:30,10.36,5,5180,1
11:13:27,10.36,24,24864,1
11:13:24,10.35,70,72450,-1
11:13:21,10.36,112,116032,1
11:13:18,10.36,30,31080,1
11:13:15,10.36,310,321160,1
11:13:12,10.35,110,113850,-1
11:13:09,10.35,112,115920,-1
11:13:06,10.36,36,37296,1
11:13:03,10.35,5,5175,-1
11:13:00,10.36,311,322196,1
11:12:57,10.36,7,7252,1
11:12:51,10.36,53,54908,1
11:12:48,10.36,110,113960,1
11:12:45,10.36,131,135840,-1
11:12:42,10.37,45,46665,1
11:12:39,10.36,99,102564,-1
11:12:36,10.37,18,18666,1
11:12:27,10.37,6,6221,1
11:12:24,10.37,308,319396,-1
11:12:21,10.37,2,2074,-1
11:12:18,10.38,25,25950,1
11:12:15,10.38,37,38406,1
11:12:12,10.38,196,203448,1
11:12:09,10.38,301,312438,1
11:12:06,10.38,79,82002,-1
11:12:03,10.39,10,10390,1
11:12:00,10.39,3,3117,1
11:11:57,10.39,30,31170,0
11:11:54,10.38,432,448416,-1
11:11:51,10.39,37,38443,1
11:11:48,10.39,102,105978,-1
11:11:45,10.39,17,17663,-1
11:11:42,10.4,18,18720,1
11:11:36,10.39,20,20780,1
11:11:30,10.39,5,5195,1
11:11:27,10.41,29,30189,1
11:11:24,10.4,99,102960,1
11:11:21,10.4,304,316160,1
11:11:18,10.39,71,73769,-1
11:11:15,10.39,101,104939,-1
11:11:12,10.4,4,4160,1
11:11:09,10.39,1,1039,-1
11:11:06,10.39,12,12468,-1
11:11:03,10.39,76,78964,-1
11:11:00,10.4,79,82160,1
11:10:57,10.39,12,12468,-1
11:10:54,10.39,29,30131,-1
11:10:51,10.4,7,7280,1
11:10:48,10.4,15,15600,0
11:10:45,10.39,380,394820,-1
11:10:42,10.4,116,120640,1
11:10:39,10.39,26,27014,-1
11:10:36,10.4,2,2080,1
11:10:33,10.4,220,228800,-1
11:10:30,10.4,8,8320,-1
11:10:24,10.4,2,2080,-1
11:10:21,10.4,30,31200,1
11:10:18,10.39,58,60262,-1
11:10:15,10.4,121,125840,1
11:10:12,10.4,31,32240,1
11:10:09,10.4,253,263120,1
11:10:06,10.39,219,227541,-1
11:10:03,10.4,18,18720,1
11:10:00,10.39,20,20780,-1
11:09:57,10.39,147,152733,-1
11:09:54,10.4,51,53040,1
11:09:51,10.4,273,283920,1
11:09:48,10.4,59,61360,1
11:09:45,10.4,5,5200,1
11:09:42,10.4,40,41600,1
11:09:39,10.4,14,14560,1
11:09:36,10.4,104,108160,-1
11:09:33,10.4,226,235040,-1
11:09:30,10.41,234,243594,1
11:09:27,10.4,100,104000,-1
11:09:24,10.41,70,72870,1
11:09:21,10.41,87,90567,1
11:09:18,10.41,30,31230,1
11:09:15,10.41,100,104100,1
11:09:09,10.41,97,100977,-1
11:09:06,10.42,83,86486,1
11:09:03,10.41,131,136371,-1
11:09:00,10.42,227,236534,1
11:08:57,10.42,84,87528,1
11:08:54,10.42,23,23966,1
11:08:51,10.42,33,34386,1
11:08:48,10.42,107,111494,-1
11:08:45,10.42,49,51058,-1
11:08:42,10.43,38,39634,1
11:08:39,10.43,2,2086,1
11:08:36,10.43,51,53193,1
11:08:33,10.43,3,3129,1
11:08:30,10.43,1,1043,1
11:08:27,10.43,158,164794,-1
11:08:24,10.45,165,172425,1
11:08:21,10.42,496,516832,-1
11:08:18,10.44,315,328860,1
11:08:15,10.43,125,130375,-1
11:08:12,10.45,122,127489,1
11:08:09,10.44,114,119016,-1
11:08:06,10.44,176,183744,-1
11:08:03,10.44,107,111708,-1
11:08:00,10.44,46,48024,-1
11:07:57,10.45,73,76285,1
11:07:54,10.44,466,486504,1
11:07:51,10.44,108,112752,1
11:07:48,10.44,26,27144,1
11:07:45,10.43,34,35462,-1
11:07:42,10.44,62,64728,1
11:07:39,10.43,59,61537,-1
11:07:36,10.43,26,27118,-1
11:07:33,10.43,96,100128,-1
11:07:30,10.43,32,33376,-1
11:07:27,10.43,648,675864,1
11:07:24,10.41,9,9369,-1
11:07:21,10.42,130,135460,1
11:07:18,10.42,26,27092,1
11:07:15,10.42,110,114620,1
11:07:12,10.42,231,240702,1
11:07:09,10.41,525,546525,-1
11:07:06,10.43,71,74053,1
11:07:03,10.42,10,10420,-1
11:07:00,10.42,20,20840,0
11:06:57,10.43,233,243019,1
11:06:54,10.42,73,76066,1
11:06:51,10.42,118,122956,1
11:06:48,10.41,27,28107,-1
11:06:45,10.42,12,12504,1
11:06:42,10.42,13,13546,1
11:06:39,10.42,116,120872,1
11:06:36,10.41,63,65583,-1
11:06:33,10.42,21,21882,1
11:06:30,10.41,20,20820,-1
11:06:27,10.41,151,157191,1
11:06:24,10.4,47,48921,-1
11:06:21,10.41,181,188421,1
11:06:18,10.41,45,46845,1
11:06:15,10.41,122,127002,1
11:06:12,10.4,64,66560,-1
11:06:09,10.4,26,27040,-1
11:06:06,10.4,2,2080,-1
11:06:03,10.41,14,14574,1
11:06:00,10.4,286,298469,1
11:05:57,10.4,86,89440,1
11:05:54,10.4,178,185120,1
11:05:51,10.4,712,740480,1
11:05:48,10.4,45,46800,1
11:05:45,10.4,279,290160,1
11:05:42,10.4,1024,1064960,1
11:05:39,10.4,34,35360,1
11:05:36,10.4,100,104000,1
11:05:33,10.39,24,24936,-1
11:05:30,10.4,50,52000,1
11:05:27,10.4,54,56160,1
11:05:24,10.4,1,1040,1
11:05:21,10.39,120,124680,-1
11:05:18,10.4,291,302640,1
11:05:15,10.39,4,4156,-1
11:05:09,10.4,144,149760,1
11:05:06,10.4,612,636480,1
11:05:03,10.39,20,20780,1
11:05:00,10.39,259,269101,1
11:04:57,10.39,56,58184,1
11:04:54,10.39,70,72730,1
11:04:51,10.39,55,57145,1
11:04:48,10.39,11,11429,1
11:04:45,10.39,7,7273,1
11:04:42,10.38,239,248082,1
11:04:39,10.38,74,76812,1
11:04:36,10.38,80,83040,1
11:04:33,10.38,46,47748,1
11:04:30,10.38,34,35292,1
11:04:27,10.38,13,13494,1
11:04:24,10.37,21,21777,-1
11:04:21,10.37,5,5185,-1
11:04:18,10.38,116,120408,1
11:04:15,10.37,44,45628,-1
11:04:09,10.37,10,10370,-1
11:04:03,10.37,137,142069,-1
11:04:00,10.37,479,496722,1
11:03:57,10.37,24,24887,1
11:03:54,10.36,553,572908,-1
11:03:51,10.37,84,87108,1
11:03:48,10.37,164,170068,1
11:03:45,10.37,15,15554,1
11:03:42,10.36,49,50764,-1
11:03:39,10.37,2,2074,1
11:03:36,10.36,40,41440,-1
11:03:30,10.37,153,158661,1
11:03:27,10.36,115,119140,-1
11:03:24,10.37,39,40443,1
11:03:21,10.36,7,7252,-1
11:03:18,10.37,54,55997,1
11:03:15,10.36,247,255892,-1
11:03:12,10.37,37,38369,1
11:03:09,10.37,135,139995,1
11:03:06,10.37,245,254064,1
11:03:03,10.36,192,198912,-1
11:03:00,10.36,227,235172,-1
11:02:57,10.37,33,34221,1
11:02:54,10.36,941,975787,1
11:02:51,10.36,128,132608,1
11:02:48,10.36,17,17612,1
11:02:42,10.36,49,50764,1
11:02:39,10.35,3,3105,-1
11:02:36,10.35,15,15525,-1
11:02:33,10.35,172,178020,1
11:02:27,10.34,23,23782,-1
11:02:24,10.35,171,176985,1
11:02:21,10.35,124,128340,1
11:02:18,10.35,125,129375,1
11:02:15,10.35,54,55890,1
11:02:12,10.35,28,28980,1
11:02:09,10.35,22,22770,1
11:02:06,10.35,11,11385,1
11:02:03,10.34,499,515966,-1
11:02:00,10.35,44,45540,0
11:01:57,10.34,32,33088,-1
11:01:54,10.35,23,23805,1
11:01:51,10.35,41,42435,1
11:01:48,10.35,27,27945,1
11:01:45,10.35,9,9315,1
11:01:42,10.35,122,126270,1
11:01:39,10.35,33,34155,1
11:01:36,10.35,150,155250,1
11:01:33,10.35,192,198720,1
11:01:30,10.35,61,63135,1
11:01:27,10.35,60,62100,1
11:01:24,10.35,157,162495,-1
11:01:21,10.35,96,99360,0
11:01:18,10.36,970,1004920,1
11:01:15,10.35,63,65205,-1
11:01:12,10.35,41,42435,-1
11:01:09,10.35,17,17595,-1
11:01:03,10.36,10,10360,1
11:01:00,10.35,19,19665,1
11:00:57,10.35,54,55890,-1
11:00:54,10.35,131,135709,-1
11:00:51,10.36,10,10360,1
11:00:48,10.36,31,32116,1
11:00:45,10.35,161,167545,1
11:00:42,10.35,61,63259,-1
11:00:39,10.35,454,469890,-1
11:00:36,10.36,60,62160,1
11:00:33,10.36,29,30044,1
11:00:30,10.36,756,784127,1
11:00:27,10.35,43,44505,-1
11:00:24,10.36,217,224812,1
11:00:21,10.36,28,29008,1
11:00:18,10.36,49,50764,1
11:00:15,10.35,572,592020,-1
11:00:12,10.35,97,100395,-1
11:00:09,10.36,62,64232,1
11:00:06,10.36,33,34188,1
11:00:03,10.36,10,10360,1
11:00:00,10.36,96,99456,1
10:59:57,10.36,17,17612,1
10:59:54,10.36,164,169904,-1
10:59:51,10.36,2,2072,-1
10:59:48,10.37,71,73627,1
10:59:45,10.36,50,51800,-1
10:59:39,10.36,314,325304,1
10:59:36,10.36,116,120176,1
10:59:33,10.36,14,14504,1
10:59:30,10.36,180,186480,1
10:59:27,10.36,144,149184,-1
10:59:24,10.37,23,23851,1
10:59:21,10.36,12,12432,1
10:59:18,10.36,230,238280,1
10:59:15,10.35,60,62100,-1
10:59:09,10.36,100,103600,1
10:59:06,10.35,203,210105,1
10:59:03,10.35,77,79695,1
10:59:00,10.35,23,23805,1
10:58:57,10.35,25,25875,1
10:58:54,10.34,72,74448,-1
10:58:51,10.34,110,113740,1
10:58:48,10.34,85,87890,1
10:58:45,10.33,1,1033,-1
10:58:42,10.33,27,27891,1
10:58:39,10.33,30,30990,1
10:58:36,10.33,89,91937,1
10:58:33,10.33,13,13429,1
10:58:30,10.33,25,25825,1
10:58:27,10.33,32,33056,1
10:58:24,10.33,14,14462,0
10:58:21,10.32,120,123840,-1
10:58:18,10.33,6,6198,-1
10:58:15,10.32,42,43344,1
10:58:12,10.32,129,133128,-1
10:58:09,10.33,51,52683,1
10:58:06,10.33,96,99168,1
10:58:03,10.33,110,113630,1
10:58:00,10.33,3,3099,1
10:57:57,10.31,30,30930,-1
10:57:51,10.31,227,234037,-1
10:57:48,10.32,15,15480,1
10:57:45,10.32,399,411768,1
10:57:39,10.31,45,46395,-1
10:57:36,10.3,120,123600,-1
10:57:33,10.3,599,616970,-1
10:57:30,10.31,178,183518,1
10:57:27,10.3,207,213210,-1
10:57:24,10.31,112,115472,1
10:57:21,10.31,262,270122,1
10:57:18,10.31,5,5155,1
10:57:15,10.3,51,52530,-1
10:57:12,10.3,224,230720,-1
10:57:09,10.3,473,487674,1
10:57:06,10.3,474,488220,1
10:57:03,10.3,1200,1236000,1
10:57:00,10.29,232,238727,-1
10:56:57,10.29,46,47333,-1
10:56:54,10.29,301,309729,-1
10:56:51,10.3,197,202910,1
10:56:48,10.29,547,562863,-1
10:56:45,10.3,403,415090,1
10:56:42,10.29,21,21609,-1
10:56:39,10.3,162,166860,1
10:56:36,10.3,205,211150,1
10:56:33,10.3,71,73130,1
10:56:30,10.3,261,268830,1
10:56:27,10.3,169,174070,1
10:56:24,10.3,177,182310,1
10:56:21,10.3,198,203940,1
10:56:18,10.29,809,832460,-1
10:56:15,10.3,156,160680,-1
10:56:12,10.29,319,328251,-1
10:56:09,10.3,567,584700,1
10:56:06,10.3,93,95790,1
10:56:03,10.3,265,272950,1
10:56:00,10.29,44,45275,-1
10:55:57,10.3,687,707949,-1
10:55:54,10.3,120,123600,-1
10:55:51,10.31,347,358447,1
10:55:48,10.31,1067,1100077,1
10:55:45,10.31,588,606228,1
10:55:42,10.3,591,608730,-1
10:55:39,10.31,158,162898,1
10:55:36,10.31,233,240223,1
10:55:33,10.31,928,956768,1
10:55:30,10.3,628,646840,-1
10:55:27,10.31,2215,2283665,1
10:55:24,10.31,143,147433,1
10:55:21,10.3,162,166860,-1
10:55:18,10.3,96,98880,-1
10:55:15,10.31,256,263936,1
10:55:12,10.31,88,90728,1
10:55:09,10.31,1433,1477423,-1
10:55:06,10.32,36,37152,1
10:55:03,10.31,291,300021,-1
10:55:00,10.32,183,188856,1
10:54:57,10.32,314,324048,1
10:54:54,10.31,193,198983,-1
10:54:51,10.31,51,52581,-1
10:54:48,10.32,257,265512,-1
10:54:45,10.33,97,100201,1
10:54:42,10.32,270,278640,-1
10:54:39,10.32,673,694536,-1
10:54:36,10.32,72,74304,-1
10:54:33,10.32,53,54696,-1
10:54:30,10.34,36,37224,1
10:54:27,10.32,300,309600,-1
10:54:24,10.34,139,143726,-1
10:54:21,10.35,70,72450,1
10:54:18,10.34,24,24816,-1
10:54:15,10.35,141,145935,1
10:54:12,10.34,140,144760,-1
10:54:09,10.35,43,44505,1
10:54:06,10.35,48,49680,-1
10:54:03,10.33,4449,4595817,-1
10:53:57,10.35,291,301185,1
10:53:54,10.34,332,343288,1
10:53:51,10.34,29,29986,1
10:53:48,10.34,388,401192,-1
10:53:45,10.35,134,138690,-1
10:53:42,10.36,471,487956,1
10:53:39,10.35,39,40365,1
10:53:36,10.35,244,252540,1
10:53:33,10.34,877,906818,-1
10:53:30,10.35,317,328095,1
10:53:24,10.35,65,67275,1
10:53:21,10.34,369,381546,-1
10:53:18,10.36,61,63196,1
10:53:15,10.34,37,38258,-1
10:53:12,10.34,371,383614,-1
10:53:09,10.36,59,61124,-1
10:53:06,10.35,103,106605,-1
10:53:03,10.35,83,85905,-1
10:53:00,10.35,567,586845,-1
10:52:57,10.35,22,22770,-1
10:52:54,10.36,211,218596,1
10:52:51,10.35,4,4140,-1
10:52:48,10.36,42,43512,1
10:52:45,10.36,85,88060,1
10:52:42,10.36,2,2072,1
10:52:39,10.36,93,96348,1
10:52:36,10.35,243,251505,-1
10:52:33,10.36,82,84952,-1
10:52:30,10.37,897,930188,1
10:52:27,10.36,248,256928,-1
10:52:24,10.37,9,9333,1
10:52:21,10.36,31,32116,-1
10:52:18,10.37,33,34221,1
10:52:15,10.37,1603,1662310,-1
10:52:12,10.38,16,16608,1
10:52:09,10.38,440,456720,-1
10:52:06,10.38,116,120408,-1
10:52:03,10.38,70,72660,-1
10:52:00,10.37,1004,1041147,-1
10:51:57,10.38,123,127674,1
10:51:54,10.38,89,92382,1
10:51:51,10.38,88,91344,1
10:51:48,10.38,14,14532,1
10:51:45,10.38,29,30102,1
10:51:42,10.38,61,63318,1
10:51:39,10.38,22,22836,1
10:51:36,10.38,787,816906,-1
10:51:33,10.4,85,88400,1
10:51:30,10.39,37,38443,-1
10:51:27,10.4,63,65520,1
10:51:24,10.4,50,52000,1
10:51:21,10.4,3,3120,1
10:51:18,10.39,81,84159,-1
10:51:15,10.39,286,297154,-1
10:51:12,10.4,346,359840,1
10:51:09,10.38,43,44634,-1
10:51:06,10.39,23,23897,-1
10:51:03,10.4,950,988000,1
10:51:00,10.39,343,356377,-1
10:50:57,10.39,2153,2236967,1
10:50:54,10.38,70,72660,-1
10:50:51,10.38,109,113142,-1
10:50:45,10.38,1067,1107546,1
10:50:42,10.38,143,148434,1
10:50:39,10.37,211,218806,-1
10:50:36,10.38,172,178536,1
10:50:33,10.38,300,311400,1
10:50:30,10.37,148,153476,-1
10:50:27,10.38,275,285450,1
10:50:24,10.37,1909,1979632,-1
10:50:21,10.37,30,31109,-1
10:50:18,10.38,14,14532,1
10:50:15,10.37,3,3110,-1
10:50:12,10.37,22,22814,-1
10:50:09,10.37,295,305915,-1
10:50:06,10.37,901,934336,1
10:50:03,10.34,67,69278,-1
10:50:00,10.34,136,140624,-1
10:49:57,10.36,180,186480,1
10:49:54,10.34,88,90992,-1
10:49:51,10.34,62,64108,-1
10:49:48,10.35,123,127305,-1
10:49:45,10.35,22,22770,-1
10:49:42,10.35,496,513360,1
10:49:39,10.34,73,75482,1
10:49:36,10.34,16,16544,1
10:49:33,10.34,36,37224,1
10:49:30,10.34,105,108570,-1
10:49:27,10.35,1139,1178865,-1
10:49:24,10.35,43,44505,1
10:49:21,10.34,71,73414,-1
10:49:18,10.34,35,36190,0
10:49:15,10.35,392,405720,1
10:49:12,10.35,54,55890,1
10:49:09,10.32,444,458208,-1
10:49:06,10.34,1367,1414491,1
10:49:03,10.34,368,380512,1
10:49:00,10.34,236,244024,1
10:48:57,10.33,430,444190,-1
10:48:54,10.33,28,28924,-1
10:48:51,10.33,178,183874,-1
10:48:48,10.33,12,12396,-1
10:48:45,10.33,344,355352,1
10:48:42,10.33,213,220029,-1
10:48:39,10.33,97,100201,0
10:48:36,10.34,410,423940,1
10:48:33,10.34,636,657624,1
10:48:30,10.33,379,391507,1
10:48:27,10.33,1345,1389385,-1
10:48:24,10.33,154,159082,-1
10:48:21,10.34,86,88924,1
10:48:18,10.33,365,377045,-1
10:48:15,10.33,165,170445,-1
10:48:12,10.33,118,121894,-1
10:48:09,10.33,1237,1277821,-1
10:48:06,10.33,277,286141,-1
10:48:03,10.33,204,210732,-1
10:48:00,10.33,308,318164,-1
10:47:57,10.33,230,237590,-1
10:47:54,10.34,207,214038,1
10:47:51,10.34,204,210936,-1
10:47:48,10.34,183,189222,-1
10:47:45,10.34,198,204732,-1
10:47:42,10.34,265,274010,-1
10:47:39,10.34,123,127182,-1
10:47:36,10.35,83,85905,1
10:47:33,10.35,440,455400,-1
10:47:30,10.35,532,550620,1
10:47:27,10.34,67,69278,-1
10:47:24,10.35,106,109710,1
10:47:21,10.35,114,117990,1
10:47:18,10.34,305,315370,-1
10:47:15,10.36,188,194768,1
10:47:12,10.36,25,25900,1
10:47:09,10.36,300,310800,-1
10:47:06,10.36,265,274540,1
10:47:03,10.36,31,32116,1
10:47:00,10.36,37,38332,-1
10:46:57,10.36,28,29008,0
10:46:54,10.37,1094,1134478,1
10:46:51,10.36,224,232064,-1
10:46:48,10.37,243,251990,1
10:46:45,10.37,38,39406,1
10:46:42,10.37,113,117180,1
10:46:39,10.37,582,603648,-1
10:46:36,10.37,176,182512,-1
10:46:33,10.38,189,196182,1
10:46:30,10.37,169,175253,-1
10:46:27,10.37,1572,1630163,-1
10:46:24,10.37,181,187697,-1
10:46:21,10.38,641,665358,1
10:46:18,10.38,93,96534,1
10:46:15,10.38,48,49824,1
10:46:12,10.38,88,91344,1
10:46:09,10.37,1828,1895635,-1
10:46:06,10.37,165,171105,-1
10:46:03,10.38,310,321780,1
10:46:00,10.38,133,138054,1
10:45:57,10.38,16,16608,1
10:45:54,10.38,502,521096,-1
10:45:51,10.38,84,88209,1
10:45:48,10.38,90,93440,-1
10:45:45,10.38,311,322818,-1
10:45:42,10.38,80,83040,-1
10:45:39,10.38,78,81981,1
10:45:36,10.38,51,52938,1
10:45:33,10.38,68,70584,1
10:45:30,10.38,76,78908,-1
10:45:27,10.39,556,577684,1
10:45:24,10.38,128,132864,-1
10:45:21,10.38,8,8304,-1
10:45:18,10.38,208,216921,1
10:45:15,10.38,641,665358,1
10:45:12,10.38,719,746322,1
10:45:09,10.37,66,68442,-1
10:45:06,10.37,149,154513,-1
10:45:03,10.38,86,89268,1
10:45:00,10.38,175,181650,1
10:44:57,10.38,223,231474,1
10:44:54,10.38,325,337350,1
10:44:51,10.38,66,68508,1
10:44:48,10.38,55,57090,1
10:44:45,10.38,65,67470,-1
10:44:42,10.39,310,322090,1
10:44:39,10.38,266,276108,1
10:44:36,10.37,1746,1810601,-1
10:44:33,10.38,457,474428,-1
10:44:30,10.38,605,627990,-1
10:44:27,10.38,71,73698,-1
10:44:24,10.38,184,190992,-1
10:44:21,10.39,502,521578,1
10:44:18,10.38,164,170232,-1
10:44:15,10.38,303,315489,-1
10:44:12,10.39,639,663921,1
10:44:09,10.39,217,225463,1
10:44:06,10.39,53,55067,1
10:44:03,10.39,85,88315,1
10:44:00,10.38,445,461910,-1
10:43:57,10.39,87,90393,1
10:43:54,10.38,14,14532,-1
10:43:51,10.38,88,91344,-1
10:43:48,10.39,297,308583,1
10:43:45,10.38,95,98610,-1
10:43:42,10.38,5,5190,-1
10:43:39,10.38,226,234588,-1
10:43:36,10.39,361,375079,1
10:43:33,10.38,446,462948,-1
10:43:30,10.38,54,56052,-1
10:43:27,10.39,99,102861,1
10:43:24,10.38,44,45672,1
10:43:21,10.37,109,113032,-1
10:43:18,10.39,22,22858,1
10:43:15,10.39,194,202490,1
10:43:12,10.38,668,693498,-1
10:43:09,10.39,44,45716,1
10:43:06,10.39,158,164162,1
10:43:03,10.39,641,665999,1
10:43:00,10.39,1058,1099262,1
10:42:57,10.39,145,150655,1
10:42:54,10.39,299,310661,1
10:42:51,10.39,666,691974,1
10:42:48,10.39,319,331441,1
10:42:45,10.38,146,151548,-1
10:42:42,10.39,436,453004,1
10:42:39,10.39,160,166240,1
10:42:36,10.39,12,12468,1
10:42:33,10.39,40,42474,-1
10:42:30,10.4,137,142480,1
10:42:27,10.39,371,385593,-1
10:42:24,10.39,173,179747,-1
10:42:21,10.39,422,438458,-1
10:42:18,10.39,172,178708,-1
10:42:15,10.4,382,397280,1
10:42:12,10.39,326,338714,-1
10:42:09,10.4,183,190320,1
10:42:06,10.4,78,81120,1
10:42:03,10.4,82,85280,1
10:42:00,10.4,46,47840,1
10:41:57,10.4,1257,1307290,-1
10:41:54,10.42,52,54184,1
10:41:51,10.41,110,114510,-1
10:41:48,10.41,385,401815,1
10:41:45,10.41,240,249840,1
10:41:42,10.41,71,73911,1
10:41:39,10.4,175,182000,-1
10:41:36,10.4,30,31200,-1
10:41:33,10.4,454,472160,-1
10:41:30,10.4,332,345290,-1
10:41:27,10.42,1964,2047519,1
10:41:24,10.41,740,770340,1
10:41:21,10.4,62,64480,-1
10:41:18,10.4,131,136240,-1
10:41:15,10.4,308,320320,-1
10:41:12,10.4,292,303680,-1
10:41:09,10.41,69,71829,1
10:41:06,10.41,78,81198,1
10:41:03,10.41,79,82239,1
10:41:00,10.41,54,56214,1
10:40:57,10.41,143,148863,1
10:40:54,10.41,57,59337,1
10:40:51,10.4,628,653120,-1
10:40:48,10.41,141,146781,-1
10:40:45,10.41,55,57255,1
10:40:42,10.42,257,267794,1
10:40:39,10.41,15,15615,1
10:40:36,10.41,539,561099,0
10:40:33,10.4,780,811200,-1
10:40:30,10.41,40,41640,-1
10:40:27,10.42,80,83360,1
10:40:24,10.42,46,47932,1
10:40:21,10.41,186,193626,-1
10:40:18,10.42,32,33344,1
10:40:12,10.41,46,47886,-1
10:40:09,10.41,39,40599,-1
10:40:06,10.41,702,730782,1
10:40:03,10.4,66,68640,-1
10:40:00,10.4,92,95680,-1
10:39:57,10.41,78,81198,1
10:39:54,10.41,3,3123,1
10:39:51,10.41,756,786996,-1
10:39:48,10.41,12,12492,-1
10:39:45,10.42,35,36470,1
10:39:42,10.41,1027,1069107,-1
10:39:39,10.42,188,195896,1
10:39:36,10.42,21,21882,1
10:39:33,10.42,76,79192,1
10:39:30,10.41,150,156150,1
10:39:27,10.41,62,64542,1
10:39:24,10.4,277,288080,-1
10:39:21,10.4,54,56160,-1
10:39:18,10.39,701,728339,-1
10:39:15,10.41,450,468450,1
10:39:12,10.41,69,71829,1
10:39:09,10.4,102,106080,-1
10:39:06,10.4,4,4160,-1
10:39:03,10.4,10,10400,-1
10:39:00,10.4,1219,1267884,1
10:38:57,10.4,160,166400,1
10:38:54,10.4,653,679120,1
10:38:51,10.4,16,16640,1
10:38:48,10.4,1348,1401920,1
10:38:45,10.39,233,242087,-1
10:38:42,10.39,21,21819,-1
10:38:39,10.39,338,351182,-1
10:38:36,10.39,117,121563,-1
10:38:33,10.4,144,149760,1
10:38:30,10.4,137,142480,1
10:38:27,10.39,178,184942,-1
10:38:24,10.4,21,21840,1
10:38:21,10.39,460,477940,-1
10:38:18,10.4,30,31200,1
10:38:15,10.39,26,27014,-1
10:38:12,10.39,72,74808,-1
10:38:09,10.39,212,220268,-1
10:38:06,10.39,341,354299,1
10:38:03,10.39,30,31170,1
10:38:00,10.39,201,208839,1
10:37:57,10.39,138,143382,1
10:37:54,10.38,109,113142,-1
10:37:51,10.38,295,307133,1
10:37:48,10.37,194,201177,-1
10:37:45,10.37,68,70516,-1
10:37:42,10.37,870,902189,1
10:37:39,10.37,42,43554,1
10:37:36,10.37,37,38369,1
10:37:33,10.37,215,222954,1
10:37:30,10.37,116,120291,-1
10:37:27,10.38,356,369611,1
10:37:24,10.37,157,162809,-1
10:37:21,10.37,43,44591,-1
10:37:18,10.37,182,188734,-1
10:37:15,10.37,533,552721,-1
10:37:12,10.37,2273,2358055,1
10:37:09,10.35,349,361215,1
10:37:06,10.32,2083,2150419,-1
10:37:03,10.35,246,254610,1
10:37:00,10.35,246,254610,0
10:36:57,10.36,257,266252,1
10:36:54,10.36,600,621600,1
10:36:51,10.36,239,247604,0
10:36:48,10.37,984,1020407,1
10:36:45,10.36,184,190624,-1
10:36:42,10.38,53,55014,1
10:36:39,10.38,55,57090,1
10:36:36,10.37,1260,1306640,-1
10:36:33,10.38,334,346692,-1
10:36:30,10.38,1120,1162560,-1
10:36:27,10.38,242,251196,-1
10:36:24,10.39,447,464433,1
10:36:21,10.38,611,634218,-1
10:36:18,10.39,271,282587,-1
10:36:15,10.38,461,478518,-1
10:36:12,10.39,195,202605,1
10:36:09,10.39,164,170396,1
10:36:06,10.39,244,253516,1
10:36:03,10.39,991,1030563,-1
10:36:00,10.39,360,374040,-1
10:35:57,10.42,157,163719,1
10:35:54,10.4,215,223600,1
10:35:51,10.4,716,745555,-1
10:35:48,10.4,78,81120,-1
10:35:45,10.42,310,323020,-1
10:35:42,10.42,795,828390,0
10:35:39,10.4,242,251680,-1
10:35:36,10.4,1378,1433120,-1
10:35:33,10.41,456,474696,1
10:35:30,10.4,643,668844,-1
10:35:27,10.41,287,298767,1
10:35:24,10.4,869,903760,-1
10:35:21,10.42,329,342818,1
10:35:18,10.41,324,337284,1
10:35:15,10.41,413,429933,1
10:35:12,10.41,576,599616,1
10:35:09,10.41,1086,1130526,-1
10:35:06,10.42,401,417842,1
10:35:03,10.42,226,235492,1
10:35:00,10.42,348,362616,1
10:34:57,10.42,283,294886,1
10:34:54,10.42,273,284466,1
10:34:51,10.42,525,547050,1
10:34:48,10.42,143,149922,-1
10:34:45,10.43,607,633101,0
10:34:42,10.42,344,358448,-1
10:34:39,10.43,225,234675,1
10:34:36,10.42,75,78150,-1
10:34:33,10.43,262,273266,1
10:34:30,10.43,432,450576,-1
10:34:27,10.44,112,116928,1
10:34:24,10.44,49,51156,1
10:34:21,10.44,290,302760,1
10:34:18,10.43,258,269094,1
10:34:15,10.43,1180,1230740,-1
10:34:12,10.44,218,227592,1
10:34:09,10.44,158,164952,1
10:34:06,10.44,361,376884,-1
10:34:03,10.45,53,55384,1
10:34:00,10.45,414,432629,1
10:33:57,10.44,318,331992,-1
10:33:54,10.45,48,50160,-1
10:33:51,10.45,788,823460,-1
10:33:48,10.46,181,189326,-1
10:33:45,10.46,386,403756,-1
10:33:42,10.47,71,74337,1
10:33:39,10.47,145,151815,1
10:33:36,10.47,1206,1262682,-1
10:33:33,10.47,60,62820,-1
10:33:30,10.48,94,98512,1
10:33:27,10.48,88,92224,0
10:33:24,10.47,571,597837,-1
10:33:21,10.49,198,207702,1
10:33:18,10.49,188,197212,1
10:33:15,10.49,538,565075,-1
10:33:12,10.5,103,108150,1
10:33:09,10.5,218,228900,1
10:33:06,10.5,95,99750,1
10:33:03,10.5,165,173250,0
10:33:00,10.51,87,91437,-1
10:32:57,10.52,241,253532,1
10:32:54,10.5,538,564900,-1
10:32:51,10.52,1268,1334903,0
10:32:48,10.53,186,195858,1
10:32:45,10.52,164,172528,1
10:32:42,10.51,697,732547,-1
10:32:39,10.53,32,33696,-1
10:32:36,10.53,260,273780,-1
10:32:33,10.53,274,288522,-1
10:32:30,10.52,282,296664,-1
10:32:27,10.52,547,575444,-1
10:32:24,10.53,233,245348,1
10:32:21,10.52,141,148332,-1
10:32:18,10.52,138,145176,-1
10:32:15,10.52,184,193568,-1
10:32:12,10.52,298,313937,1
10:32:09,10.51,313,328963,-1
10:32:06,10.52,35,36820,1
10:32:03,10.52,558,587016,1
10:32:00,10.51,25,26275,-1
10:31:57,10.51,31,32581,-1
10:31:54,10.52,73,76796,1
10:31:51,10.5,607,637350,-1
10:31:48,10.51,253,265903,1
10:31:45,10.51,55,58845,1
10:31:42,10.5,30,31500,-1
10:31:39,10.5,218,228900,-1
10:31:36,10.5,292,307639,1
10:31:33,10.5,206,216300,1
10:31:30,10.5,173,181650,1
10:31:27,10.5,89,93450,1
10:31:24,10.5,157,164850,1
10:31:21,10.5,169,177450,1
10:31:18,10.49,82,86018,-1
10:31:15,10.49,130,136370,-1
10:31:12,10.5,148,155400,1
10:31:09,10.49,275,288475,1
10:31:06,10.48,376,394048,-1
10:31:03,10.49,8,8392,1
10:31:00,10.49,35,36715,1
10:30:57,10.49,755,791995,1
10:30:54,10.48,206,215888,1
10:30:51,10.48,328,343744,1
10:30:48,10.47,12,12564,0
10:30:45,10.46,328,343088,-1
10:30:42,10.47,850,889950,-1
10:30:39,10.47,6,6282,0
10:30:36,10.46,170,177820,-1
10:30:33,10.46,46,48116,-1
10:30:30,10.47,126,131922,1
10:30:27,10.46,327,342042,-1
10:30:24,10.46,71,74266,-1
10:30:21,10.46,1112,1163152,1
10:30:18,10.45,224,234079,-1
10:30:15,10.45,98,102410,-1
10:30:12,10.46,68,71128,1
10:30:09,10.45,1080,1128600,-1
10:30:06,10.45,41,42845,-1
10:30:03,10.46,615,643290,1
10:30:00,10.44,362,377928,-1
10:29:57,10.44,588,613872,-1
10:29:54,10.44,142,148248,-1
10:29:51,10.45,129,134805,1
10:29:48,10.44,182,190008,1
10:29:45,10.44,81,84564,-1
10:29:42,10.45,135,141075,-1
10:29:39,10.46,453,473838,1
10:29:36,10.46,163,170498,1
10:29:33,10.46,175,183050,1
10:29:30,10.45,100,104500,-1
10:29:27,10.43,723,754089,-1
10:29:24,10.46,1173,1227993,1
10:29:21,10.44,436,455184,-1
10:29:18,10.44,152,158688,1
10:29:15,10.44,647,675468,1
10:29:12,10.44,43,44892,1
10:29:09,10.44,246,256824,1
10:29:06,10.44,182,190008,-1
10:29:03,10.45,301,314545,1
10:29:00,10.44,374,390456,-1
10:28:57,10.45,53,55384,1
10:28:54,10.46,194,202924,1
10:28:51,10.46,124,129704,1
10:28:48,10.46,524,548104,1
10:28:45,10.44,106,110664,-1
10:28:42,10.45,115,120174,-1
10:28:39,10.45,62,64789,-1
10:28:36,10.45,76,79420,-1
10:28:33,10.44,142,148248,-1
10:28:30,10.47,152,159144,1
10:28:27,10.45,207,216314,1
10:28:24,10.45,348,363660,-1
10:28:21,10.47,636,665892,-1
10:28:18,10.47,28,29316,-1
10:28:15,10.48,64,67072,1
10:28:12,10.48,69,72312,0
10:28:09,10.49,248,260152,1
10:28:06,10.49,62,65038,1
10:28:03,10.48,67,70216,0
10:28:00,10.47,164,171708,-1
10:27:57,10.5,274,287700,1
10:27:54,10.49,606,635694,1
10:27:51,10.48,865,906520,-1
10:27:48,10.48,313,328024,-1
10:27:45,10.49,114,120194,-1
10:27:42,10.5,267,280791,1
10:27:39,10.49,184,193016,-1
10:27:36,10.5,480,504000,1
10:27:33,10.5,248,260400,1
10:27:30,10.49,319,334631,-1
10:27:27,10.5,542,569100,1
10:27:24,10.5,324,340200,1
10:27:21,10.5,673,706650,1
10:27:18,10.49,491,515059,-1
10:27:15,10.49,235,246515,-1
10:27:12,10.49,36,37764,-1
10:27:09,10.5,252,264600,1
10:27:06,10.49,130,136370,-1
10:27:03,10.47,620,649140,-1
10:27:00,10.48,891,933768,-1
10:26:57,10.48,71,74408,-1
10:26:54,10.48,836,876128,1
10:26:51,10.46,296,309616,-1
10:26:48,10.47,534,559098,-1
10:26:45,10.47,129,135063,1
10:26:42,10.47,176,184272,1
10:26:39,10.47,281,294207,0
10:26:36,10.48,7424,7781001,1
10:26:33,10.46,137,143302,-1
10:26:30,10.47,262,274314,1
10:26:27,10.46,175,183050,0
10:26:24,10.45,115,121021,-1
10:26:21,10.45,15,15674,-1
10:26:18,10.45,24,25080,-1
10:26:15,10.46,384,401664,1
10:26:12,10.44,512,534528,-1
10:26:09,10.45,268,280060,1
10:26:06,10.45,172,179740,1
10:26:03,10.45,196,204820,1
10:26:00,10.43,674,703712,-1
10:25:57,10.45,174,181830,1
10:25:54,10.43,183,190869,-1
10:25:51,10.43,69,71967,-1
10:25:48,10.43,528,550704,1
10:25:45,10.42,501,522042,1
10:25:42,10.42,511,532462,1
10:25:39,10.42,441,459522,-1
10:25:36,10.42,160,166720,-1
10:25:33,10.43,654,682122,1
10:25:30,10.43,166,173138,1
10:25:27,10.42,558,581436,0
10:25:24,10.4,1379,1434160,-1
10:25:21,10.42,282,293844,1
10:25:18,10.42,1296,1350432,1
10:25:15,10.41,76,79116,0
10:25:12,10.42,396,412632,1
10:25:09,10.4,800,832000,-1
10:25:06,10.41,436,453876,1
10:25:03,10.4,439,456560,1
10:25:00,10.39,390,405210,1
10:24:57,10.38,487,505506,-1
10:24:54,10.4,1154,1200160,1
10:24:51,10.4,632,657280,1
10:24:48,10.4,720,748800,1
10:24:45,10.4,838,871520,-1
10:24:42,10.41,1140,1186740,-1
10:24:39,10.42,301,313642,0
10:24:36,10.41,250,260250,-1
10:24:33,10.43,829,864647,1
10:24:30,10.43,593,618499,-1
10:24:27,10.44,300,313200,1
10:24:24,10.43,156,162708,-1
10:24:21,10.43,800,834400,-1
10:24:18,10.45,471,492194,-1
10:24:15,10.45,251,262295,-1
10:24:12,10.48,236,247328,1
10:24:09,10.48,191,200168,0
10:24:06,10.49,285,299027,1
10:24:03,10.5,569,597450,1
10:24:00,10.49,157,164693,-1
10:23:57,10.5,702,737100,0
10:23:54,10.49,29,30421,-1
10:23:51,10.49,31,32519,-1
10:23:48,10.52,154,162008,1
10:23:45,10.49,547,573803,-1
10:23:42,10.54,256,269824,-1
10:23:39,10.54,47,49537,-1
10:23:36,10.54,467,492217,-1
10:23:33,10.55,12259,12933245,-1
10:23:30,10.55,1217,1284272,1
10:23:27,10.54,2247,2369054,-1
10:23:24,10.55,403,425165,1
10:23:21,10.55,175,184625,1
10:23:18,10.55,168,177240,1
10:23:15,10.55,191,201505,-1
10:23:12,10.56,345,364320,1
10:23:09,10.55,80,84400,-1
10:23:06,10.55,370,390350,-1
10:23:03,10.55,124,130820,-1
10:23:00,10.55,195,206547,1
10:22:57,10.55,670,707419,1
10:22:54,10.54,1191,1255314,-1
10:22:51,10.55,394,415670,1
10:22:48,10.54,191,201313,-1
10:22:45,10.55,58,61190,1
10:22:42,10.55,32,33760,1
10:22:39,10.54,430,453219,-1
10:22:36,10.55,881,929455,1
10:22:33,10.53,783,824499,-1
10:22:30,10.54,165,173910,-1
10:22:27,10.54,283,298282,1
10:22:24,10.54,57,60077,1
10:22:21,10.53,422,444366,-1
10:22:18,10.53,445,468585,1
10:22:15,10.52,1383,1454916,-1
10:22:12,10.52,141,148332,-1
10:22:09,10.52,167,175684,-1
10:22:06,10.52,421,442892,-1
10:22:03,10.52,354,372408,-1
10:22:00,10.52,904,951008,1
10:21:57,10.52,621,653292,-1
10:21:54,10.52,2084,2192368,-1
10:21:51,10.52,535,562820,1
10:21:48,10.52,310,326120,-1
10:21:45,10.52,420,441840,-1
10:21:42,10.52,371,390292,-1
10:21:39,10.51,717,753567,-1
10:21:36,10.52,70,73640,1
10:21:33,10.51,456,479256,-1
10:21:30,10.51,280,294280,-1
10:21:27,10.53,3405,3585465,-1
10:21:24,10.54,489,515405,1
10:21:21,10.54,564,594456,1
10:21:18,10.54,504,531216,1
10:21:15,10.54,713,751501,1
10:21:12,10.54,599,631346,-1
10:21:09,10.55,162,170910,1
10:21:06,10.55,234,246870,1
10:21:03,10.54,568,598672,-1
10:21:00,10.55,335,353425,-1
10:20:57,10.56,122,128832,0
10:20:54,10.55,2153,2271415,-1
10:20:51,10.56,322,340032,-1
10:20:48,10.57,281,297017,-1
10:20:45,10.58,593,627394,1
10:20:42,10.57,209,220913,-1
10:20:39,10.58,210,222180,1
10:20:36,10.58,3027,3202968,-1
10:20:33,10.6,974,1032440,-1
10:20:30,10.61,269,285409,1
10:20:27,10.6,924,979440,-1
10:20:24,10.62,425,451349,1
10:20:21,10.61,211,223871,1
10:20:18,10.61,92,97612,0
10:20:15,10.6,535,567100,-1
10:20:12,10.61,362,384082,-1
10:20:09,10.62,802,851723,-1
10:20:06,10.62,232,246383,1
10:20:03,10.61,199,211139,0
10:20:00,10.63,5304,5638152,1
10:19:57,10.62,1396,1482552,1
10:19:54,10.61,460,488060,-1
10:19:51,10.62,471,500201,-1
10:19:48,10.62,15,15929,-1
10:19:45,10.63,74,78662,1
10:19:42,10.62,47,49913,1
10:19:39,10.63,401,426454,0
10:19:36,10.62,1506,1600242,-1
10:19:33,10.64,95,101080,-1
10:19:30,10.64,1837,1954568,1
10:19:27,10.63,384,408192,0
10:19:24,10.64,170,180880,1
10:19:21,10.62,180,191160,-1
10:19:18,10.62,645,684990,-1
10:19:15,10.63,382,406066,1
10:19:12,10.63,714,758982,1
10:19:09,10.63,344,365672,1
10:19:06,10.63,94,99922,1
10:19:03,10.63,154,163702,1
10:19:00,10.63,601,638863,-1
10:18:57,10.64,26,27664,1
10:18:54,10.64,531,564984,1
10:18:51,10.64,105,111720,1
10:18:48,10.64,460,489440,-1
10:18:45,10.65,194,206610,1
10:18:42,10.64,239,254296,-1
10:18:39,10.64,307,326648,-1
10:18:36,10.65,304,323760,1
10:18:33,10.65,69,73485,1
10:18:30,10.65,356,379140,-1
10:18:27,10.67,686,731962,1
10:18:24,10.66,172,183352,1
10:18:21,10.67,86,91762,1
10:18:18,10.66,1869,1992354,-1
10:18:15,10.67,124,132308,1
10:18:12,10.67,269,288068,1
10:18:09,10.67,7,7469,1
10:18:06,10.67,66,70422,1
10:18:03,10.67,671,715957,-1
10:18:00,10.67,538,574046,-1
10:17:57,10.69,96,102624,1
10:17:54,10.68,186,198648,0
10:17:51,10.69,698,746162,1
10:17:48,10.68,723,772164,-1
10:17:45,10.7,277,296390,1
10:17:42,10.7,189,202230,1
10:17:39,10.7,607,649490,1
10:17:36,10.7,379,405530,-1
10:17:33,10.71,451,483021,1
10:17:30,10.71,76,81396,-1
10:17:27,10.71,137,146727,-1
10:17:24,10.72,595,637840,1
10:17:21,10.72,174,186528,-1
10:17:18,10.72,976,1046272,1
10:17:15,10.72,158,169376,1
10:17:12,10.71,246,263476,-1
10:17:09,10.72,166,179013,1
10:17:06,10.72,442,473824,1
10:17:03,10.7,335,358450,1
10:17:00,10.7,4423,4732620,-1
10:16:57,10.72,298,319456,1
10:16:54,10.72,43,46096,1
10:16:51,10.71,266,284886,-1
10:16:48,10.71,483,517293,1
10:16:45,10.71,158,169218,1
10:16:42,10.7,95,101650,-1
10:16:39,10.7,136,145520,-1
10:16:36,10.7,75,80250,-1
10:16:33,10.7,17,18190,-1
10:16:30,10.7,1206,1291479,1
10:16:27,10.7,327,349890,1
10:16:24,10.7,95,101650,1
10:16:21,10.7,62,66340,1
10:16:18,10.7,60,64199,1
10:16:15,10.69,247,264043,1
10:16:12,10.69,1065,1138485,1
10:16:09,10.69,545,582605,1
10:16:06,10.69,116,124004,1
10:16:03,10.68,86,91848,-1
10:16:00,10.68,27,28836,-1
10:15:57,10.68,774,826632,1
10:15:54,10.68,201,214668,1
10:15:51,10.68,22,23496,1
10:15:48,10.67,111,118437,-1
10:15:45,10.67,648,692152,1
10:15:42,10.67,243,259281,1
10:15:39,10.66,30,31980,-1
10:15:36,10.67,181,193127,1
10:15:33,10.66,260,277160,1
10:15:30,10.66,283,301678,1
10:15:27,10.65,181,192765,-1
10:15:24,10.65,71,75615,-1
10:15:21,10.66,178,189748,1
10:15:18,10.65,476,506940,1
10:15:15,10.64,260,276640,-1
10:15:12,10.65,43,45795,1
10:15:09,10.65,98,104370,1
10:15:06,10.65,16,17040,1
10:15:03,10.65,101,107565,1
10:15:00,10.65,359,382335,1
10:14:57,10.64,30,31920,1
10:14:54,10.64,332,353248,1
10:14:51,10.65,888,945720,-1
10:14:48,10.65,455,484575,1
10:14:45,10.64,200,212800,-1
10:14:42,10.64,344,366016,-1
10:14:39,10.64,423,450072,-1
10:14:36,10.64,163,173432,1
10:14:33,10.64,218,231952,1
10:14:30,10.64,756,804384,-1
10:14:27,10.65,104,110760,1
10:14:24,10.64,24,25536,-1
10:14:21,10.65,88,93720,1
10:14:18,10.64,135,143640,1
10:14:15,10.64,165,175560,1
10:14:12,10.64,875,931000,-1
10:14:09,10.65,338,359970,1
10:14:06,10.64,323,343672,1
10:14:03,10.64,735,782040,-1
10:14:00,10.64,72,76608,-1
