timestamp,price,volume,turnover,direction
15:00:03,10.28,10241,10527748,1
14:57:03,10.27,84,86268,-1
14:57:00,10.28,165,169620,1
14:56:57,10.27,2,2054,1
14:56:54,10.27,50,51350,0
14:56:51,10.28,465,478019,1
14:56:48,10.28,152,156256,1
14:56:45,10.27,2395,2459665,-1
14:56:42,10.28,87,89436,-1
14:56:39,10.28,190,195320,-1
14:56:36,10.28,80,82240,-1
14:56:33,10.29,135,138915,1
14:56:30,10.29,662,681198,1
14:56:27,10.29,1136,1169273,1
14:56:24,10.28,204,210411,-1
14:56:21,10.29,28,28811,1
14:56:18,10.28,150,154200,-1
14:56:15,10.28,123,126443,-1
14:56:12,10.28,59,60980,-1
14:56:09,10.28,26,26728,-1
14:56:06,10.28,66,67848,-1
14:56:03,10.29,87,89522,1
14:55:57,10.29,9,9261,1
14:55:54,10.29,320,329280,1
14:55:51,10.29,161,165669,1
14:55:48,10.28,413,424564,-1
14:55:45,10.29,210,216089,1
14:55:42,10.29,155,159495,1
14:55:39,10.29,101,103928,1
14:55:36,10.29,56,57623,1
14:55:33,10.29,72,74088,1
14:55:30,10.29,250,257249,1
14:55:27,10.28,179,184012,-1
14:55:24,10.29,227,233582,1
14:55:21,10.29,225,232224,-1
14:55:18,10.29,897,924031,1
14:55:15,10.29,107,110102,1
14:55:12,10.28,89,91492,-1
14:55:09,10.29,912,938447,1
14:55:06,10.29,92,94667,1
14:55:00,10.29,48,49391,1
14:54:57,10.29,20,20580,-1
14:54:54,10.3,115,118450,1
14:54:51,10.29,322,331338,-1
14:54:48,10.29,32,32928,-1
14:54:45,10.29,230,236669,-1
14:54:42,10.3,52,53560,1
14:54:39,10.28,1155,1187340,-1
14:54:36,10.29,374,384845,-1
14:54:33,10.29,504,518955,-1
14:54:30,10.3,5,5150,1
14:54:27,10.3,2,2060,1
14:54:24,10.29,19,19551,-1
14:54:21,10.3,80,82400,1
14:54:18,10.3,425,437750,1
14:54:15,10.29,37,38073,-1
14:54:12,10.29,668,687372,-1
14:54:09,10.29,20,20580,-1
14:54:06,10.29,365,375584,-1
14:54:03,10.3,1,1030,1
14:54:00,10.29,38,39102,-1
14:53:57,10.29,142,146118,1
14:53:54,10.29,994,1022825,1
14:53:51,10.28,40,41120,-1
14:53:48,10.29,41,42189,1
14:53:45,10.28,224,230272,-1
14:53:42,10.29,44,45275,1
14:53:39,10.28,243,249803,-1
14:53:36,10.28,336,345408,-1
14:53:33,10.28,75,77100,-1
14:53:30,10.28,375,385500,-1
14:53:27,10.29,141,145089,1
14:53:24,10.28,204,209712,-1
14:53:21,10.29,717,737792,1
14:53:18,10.28,429,441012,-1
14:53:15,10.28,389,399892,-1
14:53:12,10.29,46,47333,1
14:53:09,10.29,5,5145,1
14:53:06,10.29,2,2058,1
14:53:03,10.29,30,30869,1
14:53:00,10.28,78,80184,-1
14:52:57,10.29,48,49391,1
14:52:54,10.29,454,467165,1
14:52:51,10.28,146,150088,1
14:52:48,10.28,88,90464,1
14:52:45,10.27,180,184860,-1
14:52:42,10.27,374,384098,-1
14:52:39,10.27,35,35945,-1
14:52:36,10.27,30,30810,-1
14:52:33,10.27,64,65728,-1
14:52:30,10.27,190,195130,-1
14:52:27,10.27,230,236210,1
14:52:24,10.27,210,215670,1
14:52:21,10.27,34,34918,1
14:52:18,10.27,60,61620,1
14:52:15,10.27,30,30810,1
14:52:12,10.27,483,496051,-1
14:52:09,10.28,11,11308,1
14:52:06,10.28,223,229244,0
14:52:03,10.27,287,294749,-1
14:52:00,10.29,48,50410,1
14:51:57,10.28,123,126454,-1
14:51:54,10.28,120,123359,-1
14:51:51,10.28,80,83257,1
14:51:48,10.27,18,18486,-1
14:51:45,10.27,368,377936,-1
14:51:42,10.26,65,66690,-1
14:51:39,10.28,551,566428,1
14:51:36,10.26,54,55404,-1
14:51:33,10.27,39,40053,1
14:51:30,10.26,234,240084,-1
14:51:27,10.26,239,245214,1
14:51:24,10.25,133,136325,-1
14:51:21,10.25,22,22550,-1
14:51:15,10.25,87,89175,-1
14:51:12,10.25,353,361825,-1
14:51:09,10.25,10,10250,-1
14:51:06,10.25,750,768750,-1
14:51:03,10.25,65,66625,1
14:51:00,10.24,247,252928,-1
14:50:57,10.25,181,185525,1
14:50:54,10.24,185,189440,-1
14:50:51,10.24,52,53248,-1
14:50:48,10.25,28,28700,1
14:50:45,10.24,108,110592,1
14:50:42,10.24,331,338944,-1
14:50:39,10.24,82,83968,-1
14:50:36,10.24,159,162816,-1
14:50:33,10.25,69,70725,1
14:50:30,10.25,326,334150,1
14:50:27,10.25,1017,1042425,-1
14:50:24,10.25,19,19475,-1
14:50:21,10.25,179,183475,-1
14:50:18,10.25,348,356700,-1
14:50:15,10.26,128,131430,1
14:50:12,10.24,331,338944,-1
14:50:09,10.25,199,204897,-1
14:50:06,10.26,147,150924,1
14:50:03,10.25,30,30750,1
14:50:00,10.25,93,95325,1
14:49:57,10.25,233,239747,-1
14:49:54,10.25,334,342350,-1
14:49:51,10.25,107,109675,-1
14:49:48,10.25,76,77900,-1
14:49:45,10.25,42,43050,-1
14:49:42,10.26,13,13338,1
14:49:39,10.25,277,283925,-1
14:49:36,10.26,72,73872,1
14:49:33,10.26,52,53352,1
14:49:30,10.26,6,6156,1
14:49:27,10.26,2,2052,1
14:49:24,10.26,266,272916,-1
14:49:21,10.25,311,318775,-1
14:49:18,10.26,10,10260,-1
14:49:15,10.27,25,25675,1
14:49:12,10.27,21,21567,1
14:49:09,10.27,39,40053,1
14:49:06,10.27,110,112970,-1
14:49:03,10.28,212,217936,1
14:49:00,10.28,16,16448,1
14:48:57,10.28,186,191208,-1
14:48:54,10.29,49,50420,1
14:48:51,10.29,25,25724,1
14:48:48,10.28,10,10280,-1
14:48:45,10.29,99,101870,1
14:48:42,10.28,210,215880,-1
14:48:39,10.29,75,77175,1
14:48:36,10.28,35,35980,-1
14:48:33,10.28,2,2056,-1
14:48:30,10.29,2,2058,1
14:48:27,10.28,20,20560,-1
14:48:24,10.28,501,515027,1
14:48:21,10.26,30,30780,-1
14:48:18,10.27,145,148915,1
14:48:15,10.26,506,519258,-1
14:48:12,10.26,86,88236,-1
14:48:09,10.26,77,79002,-1
14:48:06,10.26,42,43092,-1
14:48:03,10.26,14,14364,-1
14:48:00,10.26,104,106704,1
14:47:57,10.26,178,182628,1
14:47:54,10.25,35,35875,-1
14:47:51,10.25,117,119925,-1
14:47:48,10.25,116,118900,1
14:47:45,10.24,261,267264,-1
14:47:42,10.25,23,23575,1
14:47:39,10.25,327,335175,0
14:47:36,10.24,1653,1692672,-1
14:47:33,10.25,187,191675,-1
14:47:30,10.25,110,112750,-1
14:47:27,10.25,725,744119,1
14:47:24,10.25,42,43050,1
14:47:21,10.24,27,27648,-1
14:47:18,10.24,75,76800,-1
14:47:15,10.24,131,134144,1
14:47:12,10.24,203,207872,1
14:47:09,10.24,50,51200,1
14:47:06,10.24,50,51200,0
14:47:03,10.25,76,77900,1
14:47:00,10.24,49,50176,0
14:46:57,10.24,264,270336,1
14:46:54,10.25,228,233700,1
14:46:51,10.23,1980,2025540,-1
14:46:48,10.24,98,100352,-1
14:46:45,10.24,46,47104,-1
14:46:42,10.24,313,320512,-1
14:46:39,10.25,198,202950,1
14:46:36,10.24,77,78848,-1
14:46:33,10.25,72,73800,1
14:46:30,10.25,61,62525,1
14:46:27,10.24,8,8192,0
14:46:24,10.23,197,201531,-1
14:46:21,10.25,207,212175,1
14:46:18,10.25,886,908150,1
14:46:15,10.23,22,22506,-1
14:46:12,10.24,216,221184,1
14:46:09,10.24,103,105472,1
14:46:06,10.24,1020,1044480,-1
14:46:03,10.24,133,136192,-1
14:46:00,10.25,130,133250,1
14:45:57,10.24,82,83968,-1
14:45:54,10.25,64,65600,-1
14:45:51,10.25,65,66625,0
14:45:48,10.24,71,72704,-1
14:45:45,10.25,91,93275,-1
14:45:42,10.25,121,124025,-1
14:45:39,10.24,99,101376,-1
14:45:36,10.24,200,204800,-1
14:45:33,10.25,96,98400,1
14:45:30,10.25,70,71750,1
14:45:27,10.24,202,206848,-1
14:45:24,10.25,299,306475,1
14:45:21,10.24,466,477184,-1
14:45:18,10.25,324,332100,-1
14:45:15,10.26,128,131328,1
14:45:12,10.26,74,75924,1
14:45:09,10.25,13,13325,-1
14:45:06,10.26,169,173394,1
14:45:03,10.26,148,151848,-1
14:45:00,10.26,231,237006,-1
14:44:57,10.26,196,201783,1
14:44:54,10.25,253,259827,-1
14:44:51,10.26,91,93889,1
14:44:48,10.26,319,327294,1
14:44:45,10.26,2102,2156652,1
14:44:42,10.25,110,113170,-1
14:44:39,10.26,164,168869,-1
14:44:36,10.26,39,40014,-1
14:44:33,10.26,225,230850,0
14:44:30,10.25,625,640625,-1
14:44:27,10.26,110,112860,-1
14:44:24,10.26,293,300618,1
14:44:21,10.26,81,83106,1
14:44:18,10.26,107,109782,1
14:44:15,10.26,331,339606,-1
14:44:12,10.26,160,164160,-1
14:44:09,10.26,137,140562,1
14:44:06,10.26,37,37962,-1
14:44:03,10.26,70,71820,-1
14:44:00,10.27,4,4108,1
14:43:57,10.26,140,143640,-1
14:43:54,10.27,116,119132,1
14:43:51,10.27,52,53404,1
14:43:48,10.26,436,447336,-1
14:43:45,10.27,82,84214,-1
14:43:42,10.27,53,54431,-1
14:43:39,10.27,35,35945,-1
14:43:36,10.27,21,21567,-1
14:43:33,10.28,161,165508,1
14:43:30,10.28,646,664088,-1
14:43:27,10.28,715,735020,-1
14:43:24,10.28,58,59623,-1
14:43:21,10.29,105,108044,1
14:43:18,10.28,34,34952,-1
14:43:15,10.29,202,207857,1
14:43:12,10.29,139,143031,1
14:43:09,10.29,3,3086,1
14:43:06,10.29,16,16464,1
14:43:03,10.29,20,20580,1
14:43:00,10.29,1735,1785314,-1
14:42:57,10.29,17,17493,-1
14:42:54,10.3,90,92700,1
14:42:51,10.29,101,103928,-1
14:42:48,10.29,453,466136,-1
14:42:45,10.29,153,157437,-1
14:42:42,10.29,503,517586,-1
14:42:39,10.3,73,75190,1
14:42:36,10.29,127,130682,-1
14:42:33,10.29,142,146118,-1
14:42:30,10.3,202,208060,1
14:42:27,10.3,111,114330,1
14:42:24,10.3,53,54590,1
14:42:21,10.29,235,241814,-1
14:42:18,10.3,108,111240,1
14:42:15,10.29,132,135828,-1
14:42:12,10.3,12,12360,1
14:42:09,10.3,41,42230,-1
14:42:06,10.3,48,49440,-1
14:42:03,10.29,394,405425,-1
14:42:00,10.31,253,260843,1
14:41:57,10.3,70,72100,-1
14:41:54,10.31,184,189704,1
14:41:51,10.3,70,72100,-1
14:41:48,10.31,127,130937,1
14:41:45,10.3,672,692160,-1
14:41:42,10.31,94,96914,1
14:41:39,10.31,40,41569,-1
14:41:36,10.31,125,128875,-1
14:41:33,10.31,31,31961,-1
14:41:30,10.31,20,20620,-1
14:41:27,10.31,94,96914,-1
14:41:24,10.31,36,37116,-1
14:41:21,10.31,82,85243,1
14:41:18,10.3,226,233109,-1
14:41:15,10.31,44,45364,-1
14:41:12,10.31,22,22682,-1
14:41:09,10.31,178,184219,1
14:41:06,10.31,918,946458,-1
14:41:03,10.31,20,20620,-1
14:41:00,10.31,10,10310,-1
14:40:57,10.32,11,11352,1
14:40:54,10.31,8,8248,-1
14:40:51,10.32,23,23736,1
14:40:48,10.32,251,259032,1
14:40:45,10.32,95,98040,1
14:40:42,10.32,14,14448,1
14:40:39,10.32,15,15480,1
14:40:36,10.32,16,16512,1
14:40:33,10.32,329,339528,-1
14:40:27,10.33,27,27891,1
14:40:24,10.32,144,148608,-1
14:40:21,10.32,51,52632,-1
14:40:18,10.32,5,5160,-1
14:40:15,10.32,150,154800,-1
14:40:12,10.33,80,82640,1
14:40:09,10.32,33,34056,-1
14:40:06,10.32,40,41280,-1
14:40:03,10.33,10,10330,1
14:40:00,10.33,25,25825,1
14:39:57,10.32,206,212592,-1
14:39:54,10.32,132,136224,-1
14:39:51,10.33,39,40287,1
14:39:48,10.33,9,9297,1
14:39:45,10.33,94,97102,-1
14:39:42,10.33,63,65079,-1
14:39:39,10.33,755,779915,-1
14:39:36,10.33,138,142554,-1
14:39:33,10.33,13,13429,-1
14:39:30,10.34,1,1034,1
14:39:27,10.33,44,45452,-1
14:39:24,10.34,13,13442,1
14:39:18,10.33,147,151851,-1
14:39:12,10.34,232,240218,-1
14:39:09,10.34,48,49632,-1
14:39:06,10.34,15,15510,-1
14:39:03,10.35,16,16560,1
14:39:00,10.34,245,253330,-1
14:38:57,10.34,80,82720,-1
14:38:54,10.34,19,19646,-1
14:38:51,10.34,116,119944,-1
14:38:48,10.35,5,5175,1
14:38:45,10.34,23,23782,-1
14:38:39,10.34,52,53768,-1
14:38:36,10.35,5,5175,1
14:38:33,10.34,25,25850,-1
14:38:30,10.35,636,658260,-1
14:38:27,10.35,48,49680,-1
14:38:24,10.35,136,140760,-1
14:38:21,10.35,53,54855,-1
14:38:18,10.36,1,1036,1
14:38:15,10.35,145,150075,-1
14:38:12,10.35,92,95220,-1
14:38:09,10.35,55,56925,1
14:38:06,10.35,295,305325,1
14:38:03,10.35,20,20700,1
14:38:00,10.35,105,108675,1
14:37:57,10.35,18,18630,1
14:37:54,10.35,12,12420,1
14:37:51,10.35,40,41400,1
14:37:48,10.35,19,19665,1
14:37:45,10.35,8,8280,1
14:37:42,10.35,25,25875,1
14:37:39,10.35,100,103500,1
14:37:36,10.34,28,28952,-1
14:37:33,10.35,5,5175,1
14:37:27,10.35,185,191475,1
14:37:24,10.35,225,232875,1
14:37:21,10.34,20,20680,-1
14:37:18,10.34,1,1034,-1
14:37:15,10.35,5,5175,1
14:37:12,10.35,102,105570,1
14:37:09,10.35,151,156285,1
14:37:06,10.35,57,58995,1
14:37:03,10.35,3,3105,1
14:37:00,10.34,40,41360,-1
14:36:57,10.34,122,126148,-1
14:36:54,10.35,10,10350,1
14:36:45,10.34,46,48267,1
14:36:42,10.34,54,55836,1
14:36:39,10.33,23,23759,-1
14:36:36,10.34,117,120978,1
14:36:33,10.33,50,51650,-1
14:36:30,10.33,11,11363,-1
14:36:24,10.34,103,106502,1
14:36:21,10.34,454,469436,1
14:36:18,10.33,100,103300,-1
14:36:15,10.33,79,81607,-1
14:36:12,10.34,46,47564,1
14:36:09,10.33,12,12396,-1
14:36:06,10.34,2,2068,1
14:36:03,10.33,26,26858,-1
14:36:00,10.34,315,325710,1
14:35:57,10.33,24,24792,-1
14:35:54,10.33,70,72310,-1
14:35:51,10.34,11,11374,1
14:35:48,10.33,30,30990,-1
14:35:42,10.33,27,27891,-1
14:35:39,10.34,1,1034,1
14:35:36,10.34,50,51700,1
14:35:33,10.34,81,83754,1
14:35:30,10.34,6,6204,1
14:35:27,10.34,2,2068,1
14:35:24,10.34,82,84788,1
14:35:21,10.34,41,42394,1
14:35:15,10.34,11,11374,1
14:35:12,10.33,16,16528,-1
14:35:06,10.33,16,16528,-1
14:35:03,10.34,1,1034,1
14:35:00,10.33,37,38221,1
14:34:57,10.33,255,263415,-1
14:34:54,10.33,501,517533,-1
14:34:48,10.34,13,13442,1
14:34:42,10.34,37,38258,1
14:34:39,10.34,58,59972,1
14:34:33,10.33,44,45452,-1
14:34:30,10.34,10,10340,1
14:34:27,10.34,62,64108,1
14:34:24,10.34,14,14476,1
14:34:21,10.34,14,14476,1
14:34:18,10.33,241,248953,-1
14:34:15,10.34,26,26884,1
14:34:09,10.33,17,17561,-1
14:34:06,10.33,30,30990,-1
14:34:03,10.33,60,61980,-1
14:34:00,10.33,22,22726,-1
14:33:57,10.33,2,2066,-1
14:33:54,10.34,39,40326,1
14:33:51,10.32,10,10320,-1
14:33:48,10.33,106,109498,-1
14:33:45,10.33,231,238623,1
14:33:42,10.33,58,59914,-1
14:33:39,10.32,190,196080,-1
14:33:33,10.33,357,368781,1
14:33:30,10.33,22,22726,1
14:33:27,10.33,74,76442,1
14:33:24,10.33,12,12396,1
14:33:21,10.32,14,14448,-1
14:33:18,10.32,10,10320,-1
14:33:15,10.32,8,8256,-1
14:33:12,10.33,63,65079,1
14:33:09,10.32,22,22704,-1
14:33:06,10.33,11,11363,1
14:33:03,10.33,15,15495,1
14:33:00,10.32,110,113520,-1
14:32:57,10.33,65,67145,1
14:32:54,10.33,18,18594,1
14:32:51,10.32,47,48504,-1
14:32:48,10.32,72,74304,-1
14:32:45,10.33,54,55782,1
14:32:42,10.33,20,20660,1
14:32:39,10.33,23,23759,1
14:32:36,10.33,21,21693,-1
14:32:30,10.33,500,516500,-1
14:32:27,10.34,33,34122,1
14:32:24,10.34,31,32054,1
14:32:21,10.34,327,338118,1
14:32:15,10.33,16,16528,-1
14:32:12,10.34,23,23782,1
14:32:00,10.33,60,61980,-1
14:31:57,10.33,13,13429,1
14:31:54,10.32,455,469560,-1
14:31:51,10.34,12,12408,1
14:31:45,10.34,27,27918,1
14:31:42,10.34,14,14476,1
14:31:39,10.32,5,5160,-1
14:31:36,10.34,109,112706,1
14:31:33,10.33,89,91937,0
14:31:27,10.33,10,10330,-1
14:31:24,10.33,5,5165,1
14:31:21,10.32,100,103200,-1
14:31:18,10.34,9,9306,1
14:31:12,10.32,20,20640,-1
14:31:09,10.33,41,42353,1
14:31:06,10.33,44,45452,1
14:31:03,10.33,5,5165,1
14:31:00,10.33,71,73343,1
14:30:57,10.33,30,30990,1
14:30:51,10.33,1,1033,1
14:30:48,10.33,300,309900,1
14:30:45,10.33,33,34089,1
14:30:42,10.32,91,93912,-1
14:30:36,10.33,53,54749,1
14:30:33,10.32,24,24768,-1
14:30:30,10.33,55,56815,1
14:30:27,10.33,40,41320,1
14:30:24,10.32,55,56760,-1
14:30:21,10.32,10,10320,-1
14:30:18,10.33,81,83673,1
14:30:15,10.32,3,3096,-1
14:30:12,10.33,1,1033,1
14:30:09,10.32,124,127968,-1
14:30:06,10.33,10,10330,1
14:30:03,10.32,5,5160,-1
14:29:57,10.32,1,1032,-1
14:29:54,10.32,261,269352,1
14:29:51,10.32,100,103200,1
14:29:48,10.32,40,41280,1
14:29:45,10.32,82,84624,1
14:29:42,10.32,50,51600,1
14:29:39,10.32,59,60888,1
14:29:36,10.31,5,5155,-1
14:29:33,10.31,10,10310,-1
14:29:27,10.31,106,109286,-1
14:29:24,10.31,5,5155,-1
14:29:21,10.32,105,108360,1
14:29:18,10.32,48,49536,1
14:29:15,10.32,3,3096,1
14:29:12,10.32,1,1032,1
14:29:09,10.32,2,2064,1
14:29:06,10.32,1,1032,1
14:29:03,10.32,63,65016,1
14:29:00,10.32,233,240456,-1
14:28:57,10.33,1,1033,1
14:28:51,10.32,43,44376,-1
14:28:48,10.32,288,297216,1
14:28:45,10.31,5,6124,-1
14:28:42,10.32,100,103200,1
14:28:39,10.31,10,10310,-1
14:28:36,10.31,12,12372,-1
14:28:33,10.31,94,96914,-1
14:28:30,10.31,18,18558,-1
14:28:24,10.31,43,45353,1
14:28:21,10.31,50,51550,1
14:28:18,10.3,84,86530,-1
14:28:15,10.31,10,10310,-1
14:28:12,10.31,66,68046,-1
14:28:09,10.32,100,103200,1
14:28:06,10.31,23,24733,-1
14:28:00,10.32,81,83592,1
14:27:57,10.31,468,482508,-1
14:27:54,10.31,125,128875,1
14:27:51,10.3,80,82400,-1
14:27:48,10.31,206,212386,1
14:27:45,10.31,34,35054,1
14:27:42,10.3,16,16480,-1
14:27:39,10.3,30,30900,-1
14:27:36,10.3,10,10300,-1
14:27:33,10.3,33,33990,-1
14:27:30,10.3,20,20600,-1
14:27:27,10.31,35,36085,1
14:27:21,10.31,91,93821,1
14:27:18,10.31,129,132999,1
14:27:15,10.31,35,36085,1
14:27:12,10.31,30,30930,1
14:27:09,10.31,2,2062,1
14:27:03,10.31,17,17527,1
14:27:00,10.3,125,128750,-1
14:26:57,10.3,110,113300,-1
14:26:54,10.3,33,33990,-1
14:26:51,10.31,60,61860,1
14:26:48,10.31,7,7217,1
14:26:45,10.31,4,4124,1
14:26:42,10.31,140,144340,1
14:26:39,10.31,16,16496,1
14:26:36,10.3,160,164800,-1
14:26:33,10.3,18,18540,-1
14:26:30,10.31,65,67015,1
14:26:24,10.3,10,10300,-1
14:26:21,10.3,214,220420,-1
14:26:18,10.31,218,224758,1
14:26:15,10.3,110,113300,-1
14:26:09,10.31,51,52581,1
14:26:06,10.3,55,56650,-1
14:26:03,10.31,14,14434,1
14:26:00,10.3,3,3090,-1
14:25:57,10.31,278,286618,-1
14:25:51,10.32,21,21672,1
14:25:48,10.31,20,20620,-1
14:25:45,10.31,217,223727,-1
14:25:42,10.32,8,8256,1
14:25:39,10.32,74,76368,1
14:25:36,10.32,119,122808,1
14:25:33,10.31,24,24744,-1
14:25:30,10.32,65,67080,1
14:25:27,10.31,10,10310,-1
14:25:21,10.32,50,51600,1
14:25:18,10.31,3,3093,-1
14:25:15,10.31,138,142278,-1
14:25:12,10.31,96,98976,-1
14:25:06,10.32,9,9288,1
14:25:03,10.31,14,14434,-1
14:25:00,10.32,14,14448,1
14:24:57,10.32,99,102168,1
14:24:54,10.32,1,1032,1
14:24:51,10.31,3,3093,-1
14:24:48,10.32,53,54696,1
14:24:45,10.31,7,7217,1
14:24:42,10.31,54,55674,-1
14:24:39,10.32,22,22704,1
14:24:36,10.31,113,116503,-1
14:24:33,10.31,39,40209,-1
14:24:30,10.31,81,83511,-1
14:24:27,10.31,2,2062,-1
14:24:24,10.31,95,97945,1
14:24:21,10.31,49,50519,1
14:24:18,10.31,75,77325,1
14:24:15,10.3,91,93730,-1
14:24:12,10.3,4,4120,-1
14:24:09,10.31,20,20620,1
14:24:06,10.31,26,26806,-1
14:24:03,10.32,10,10320,1
14:24:00,10.3,634,653020,-1
14:23:57,10.32,468,482976,1
14:23:54,10.32,10,10320,1
14:23:51,10.32,30,30960,1
14:23:42,10.32,25,25800,-1
14:23:39,10.32,1,1032,-1
14:23:36,10.34,507,524238,1
14:23:33,10.33,203,209699,1
14:23:30,10.32,32,33024,-1
14:23:27,10.32,10,10320,-1
14:23:24,10.32,51,52632,-1
14:23:21,10.33,50,51650,1
14:23:18,10.33,12,12396,1
14:23:15,10.33,39,40287,-1
14:23:12,10.33,62,64046,-1
14:23:06,10.33,4,4132,-1
14:23:03,10.33,6,6198,-1
14:23:00,10.34,4,4136,1
14:22:57,10.33,2,2066,-1
14:22:54,10.33,285,294405,1
14:22:51,10.32,114,117648,1
14:22:48,10.31,52,53612,1
14:22:39,10.31,800,824800,-1
14:22:36,10.32,69,71208,1
14:22:33,10.32,49,50568,1
14:22:30,10.32,36,37152,1
14:22:27,10.32,71,73272,1
14:22:24,10.32,57,58824,1
14:22:21,10.32,28,28896,1
14:22:18,10.32,1,1032,1
14:22:15,10.32,155,159960,-1
14:22:12,10.33,32,33056,1
14:22:09,10.33,10,10330,1
14:22:06,10.33,98,101234,1
14:22:03,10.33,50,51650,1
14:22:00,10.32,16,16512,-1
14:21:57,10.33,54,55782,1
14:21:54,10.32,51,52632,-1
14:21:51,10.32,10,10320,-1
14:21:48,10.33,62,64046,1
14:21:42,10.32,27,27864,-1
14:21:39,10.32,11,11352,-1
14:21:36,10.32,9,9288,0
14:21:33,10.33,65,67145,1
14:21:30,10.31,31,31961,-1
14:21:27,10.32,40,41280,-1
14:21:24,10.33,48,49584,1
14:21:21,10.31,30,30930,-1
14:21:18,10.33,2,2066,1
14:21:15,10.31,281,289711,-1
14:21:12,10.32,34,35088,0
14:21:09,10.33,502,518566,1
14:21:06,10.32,113,116616,1
14:21:03,10.32,29,29928,1
14:21:00,10.32,41,42312,-1
14:20:57,10.32,5,5160,-1
14:20:54,10.33,20,20660,1
14:20:45,10.33,130,134290,1
14:20:42,10.33,102,105366,1
14:20:39,10.32,48,49536,-1
14:20:33,10.32,36,37152,-1
14:20:30,10.33,98,101234,1
14:20:27,10.33,20,20660,1
14:20:24,10.33,14,14462,1
14:20:21,10.32,14,14448,-1
14:20:18,10.33,20,20660,1
14:20:15,10.33,132,136356,1
14:20:12,10.32,26,26832,-1
14:20:09,10.33,135,139455,1
14:20:06,10.32,10,10320,-1
14:20:03,10.32,49,50568,-1
14:20:00,10.32,1,1032,-1
14:19:57,10.32,5,5160,-1
14:19:54,10.32,31,31992,-1
14:19:51,10.32,4,4128,-1
14:19:45,10.32,4,4128,-1
14:19:39,10.33,9,9297,1
14:19:36,10.32,467,481944,1
14:19:33,10.31,373,384563,-1
14:19:30,10.32,12,12384,1
14:19:27,10.32,46,47472,1
14:19:24,10.31,34,35054,-1
14:19:21,10.32,83,85656,-1
14:19:18,10.32,10,10320,-1
14:19:15,10.32,12,12384,-1
14:19:12,10.33,259,267547,1
14:19:09,10.31,37,38147,1
14:19:06,10.31,50,51550,-1
14:19:03,10.31,91,93821,-1
14:19:00,10.33,255,263415,1
14:18:57,10.32,84,86688,1
14:18:54,10.31,10,10310,1
14:18:51,10.3,84,86520,-1
14:18:48,10.31,20,20620,1
14:18:45,10.31,6,6186,1
14:18:42,10.31,32,32992,1
14:18:39,10.3,157,161710,-1
14:18:36,10.31,16,16496,0
14:18:30,10.32,107,110424,1
14:18:27,10.3,70,72100,-1
14:18:24,10.31,41,42271,1
14:18:21,10.3,252,259560,-1
14:18:18,10.3,104,107120,-1
14:18:15,10.3,785,808550,1
14:18:12,10.3,391,402730,1
14:18:09,10.29,36,37044,-1
14:18:06,10.29,81,83349,-1
14:18:03,10.3,22,22660,1
14:18:00,10.29,162,166698,-1
14:17:57,10.29,5,5145,-1
14:17:54,10.3,110,113300,1
14:17:51,10.3,301,310030,1
14:17:48,10.3,10,10300,1
14:17:45,10.29,40,41160,-1
14:17:42,10.3,100,103000,1
14:17:39,10.3,99,101970,1
14:17:36,10.3,71,73130,-1
14:17:33,10.3,243,250290,-1
14:17:27,10.3,46,47380,-1
14:17:24,10.3,364,374920,1
14:17:21,10.3,222,228660,1
14:17:18,10.3,40,41200,1
14:17:15,10.3,19,19570,1
14:17:12,10.3,107,110210,1
14:17:09,10.3,520,535600,1
14:17:06,10.3,151,155530,-1
14:17:03,10.31,445,458795,1
14:17:00,10.31,19,19589,1
14:16:57,10.3,18,18540,-1
14:16:54,10.3,172,177160,-1
14:16:51,10.3,114,117420,-1
14:16:48,10.3,50,51500,-1
14:16:45,10.3,60,61800,-1
14:16:42,10.3,47,48410,1
14:16:39,10.3,113,116390,1
14:16:36,10.29,1,1029,-1
14:16:33,10.3,21,21630,-1
14:16:30,10.29,33,34965,-1
14:16:27,10.3,36,37080,-1
14:16:24,10.3,111,114330,1
14:16:21,10.29,487,501122,-1
14:16:18,10.3,11,11330,-1
14:16:12,10.3,78,80340,1
14:16:09,10.29,152,156408,1
14:16:06,10.29,124,127595,-1
14:16:03,10.3,156,160680,1
14:16:00,10.29,8,8232,0
14:15:57,10.29,149,153321,-1
14:15:54,10.3,650,669500,1
14:15:51,10.29,784,806735,-1
14:15:48,10.29,37,38073,-1
14:15:45,10.29,165,169785,-1
14:15:42,10.29,68,69972,-1
14:15:39,10.3,51,52530,1
14:15:36,10.3,40,41200,1
14:15:33,10.3,85,87550,1
14:15:30,10.3,133,136990,-1
14:15:27,10.3,711,732330,1
14:15:24,10.3,357,367710,1
14:15:21,10.29,310,318990,-1
14:15:18,10.31,93,95883,1
14:15:15,10.3,170,175100,-1
14:15:12,10.31,73,75263,1
14:15:09,10.31,464,478384,1
14:15:06,10.3,181,186430,-1
14:15:03,10.31,142,146402,-1
14:15:00,10.31,45,46395,-1
14:14:57,10.32,1201,1239432,1
14:14:54,10.31,60,61860,1
14:14:51,10.3,78,80340,-1
14:14:48,10.31,45,46395,1
14:14:45,10.31,42,43302,-1
14:14:42,10.31,286,294866,-1
14:14:39,10.31,75,77325,-1
14:14:36,10.32,233,240456,1
14:14:33,10.31,10,10310,-1
14:14:30,10.32,23,23736,1
14:14:27,10.31,144,148464,-1
14:14:24,10.32,225,232200,1
14:14:18,10.32,138,142416,1
14:14:15,10.32,348,359136,-1
14:14:12,10.33,209,215897,1
14:14:09,10.33,530,547490,1
14:14:06,10.33,1006,1039198,1
14:14:03,10.33,64,66112,1
14:14:00,10.33,545,562985,-1
14:13:57,10.34,394,407396,1
14:13:54,10.33,226,233458,-1
14:13:51,10.33,384,396672,-1
14:13:48,10.33,16,16528,-1
14:13:42,10.34,70,72380,1
14:13:36,10.33,7,7231,-1
14:13:33,10.33,349,360517,-1
14:13:30,10.34,123,127182,-1
14:13:27,10.34,106,109604,-1
14:13:24,10.34,19,19646,-1
14:13:21,10.34,17,17578,-1
14:13:18,10.35,30,31050,1
14:13:12,10.34,5,5170,-1
14:13:09,10.35,31,32085,1
14:13:06,10.35,10,10350,1
14:13:03,10.35,56,57960,0
14:13:00,10.34,205,211970,-1
14:12:57,10.36,15,15540,0
14:12:51,10.35,9,9315,-1
14:12:48,10.35,153,158355,-1
14:12:45,10.35,875,905625,-1
14:12:42,10.37,5,5185,-1
14:12:39,10.37,686,711475,1
14:12:36,10.35,5,5175,-1
14:12:30,10.35,398,411930,-1
14:12:27,10.35,152,157320,-1
14:12:24,10.35,7,7245,-1
14:12:21,10.36,33,34188,1
14:12:18,10.36,34,35224,1
14:12:15,10.35,32,33120,-1
14:12:12,10.35,45,46575,-1
14:12:09,10.36,66,68376,1
14:12:06,10.36,22,22792,1
14:12:03,10.35,61,63135,-1
14:12:00,10.35,9,9315,-1
14:11:57,10.36,37,38332,1
14:11:54,10.36,92,95312,1
14:11:51,10.36,562,582232,1
14:11:48,10.36,20,20720,1
14:11:45,10.36,11,11396,1
14:11:42,10.36,9,9324,1
14:11:39,10.36,399,414306,-1
14:11:36,10.37,20,20740,1
14:11:33,10.36,7,7252,-1
14:11:30,10.37,198,205325,1
14:11:27,10.36,118,122248,-1
14:11:24,10.36,6,6216,-1
14:11:21,10.37,15,15554,1
14:11:18,10.37,98,101625,0
14:11:12,10.36,1066,1104376,-1
14:11:03,10.38,33,34254,1
14:11:00,10.37,35,36295,-1
14:10:57,10.37,34,35258,-1
14:10:54,10.37,100,103699,-1
14:10:51,10.38,10,10380,1
14:10:42,10.38,74,76812,1
14:10:39,10.38,123,127674,1
14:10:36,10.37,397,411688,-1
14:10:33,10.37,100,103699,-1
14:10:27,10.37,103,106810,-1
14:10:21,10.37,12,12443,-1
14:10:18,10.38,114,118332,1
14:10:15,10.38,60,62280,1
14:10:12,10.37,45,47670,-1
14:10:09,10.38,21,21798,1
14:10:06,10.38,7,7266,1
14:10:03,10.38,1,1038,1
14:10:00,10.38,113,117294,1
14:09:57,10.37,18,18666,-1
14:09:45,10.38,11,11418,1
14:09:39,10.37,1,1037,-1
14:09:30,10.38,100,103800,1
14:09:27,10.38,42,43596,1
14:09:24,10.37,40,41480,-1
14:09:21,10.37,8,8296,-1
14:09:18,10.37,41,42517,-1
14:09:12,10.38,44,45672,1
14:09:09,10.38,118,122484,1
14:09:06,10.37,234,242657,-1
14:09:03,10.37,22,22814,1
14:09:00,10.37,150,155550,1
14:08:57,10.36,600,621600,-1
14:08:54,10.37,5,5185,1
14:08:48,10.37,549,569313,-1
14:08:45,10.37,5,5185,-1
14:08:42,10.37,10,10370,-1
14:08:39,10.38,8,8304,1
14:08:36,10.37,27,27998,-1
14:08:33,10.37,192,199103,-1
14:08:27,10.37,30,31109,1
14:08:24,10.37,147,152439,1
14:08:21,10.37,1,1037,1
14:08:18,10.37,48,49775,1
14:08:15,10.37,23,23851,1
14:08:12,10.36,90,93240,-1
14:08:09,10.37,62,64293,1
14:08:06,10.37,61,63256,1
14:08:00,10.36,59,61124,-1
14:07:54,10.37,21,21777,1
14:07:51,10.36,2,2072,-1
14:07:45,10.36,88,91168,-1
14:07:42,10.37,506,524722,1
14:07:39,10.36,105,108780,-1
14:07:36,10.37,28,29035,1
14:07:33,10.37,9,9333,1
14:07:30,10.37,57,59108,1
14:07:24,10.36,77,79772,-1
14:07:21,10.37,100,103699,1
14:07:18,10.36,25,25900,-1
14:07:15,10.37,35,36295,1
14:07:12,10.37,73,75701,1
14:07:09,10.37,35,36295,1
14:07:06,10.37,648,671976,-1
14:06:57,10.37,20,20740,-1
14:06:45,10.37,140,145180,-1
14:06:42,10.37,12,12443,-1
14:06:39,10.38,31,32178,1
14:06:36,10.37,33,34221,-1
14:06:33,10.37,1,1037,-1
14:06:30,10.38,30,31140,1
14:06:27,10.37,35,36295,-1
14:06:18,10.37,30,31109,-1
14:06:15,10.38,12,12456,1
14:06:12,10.38,63,65394,1
14:06:09,10.38,34,35292,1
14:06:06,10.38,92,95496,0
14:06:00,10.38,27,28026,1
14:05:57,10.38,3,3114,1
14:05:54,10.38,14,14532,1
14:05:51,10.37,15,15554,-1
14:05:48,10.38,3,3114,1
14:05:45,10.38,10,10380,1
14:05:39,10.38,302,313600,-1
14:05:30,10.39,1,1039,0
14:05:18,10.4,132,137280,1
14:05:15,10.38,2,2076,-1
14:05:12,10.4,35,36400,1
14:05:09,10.4,43,44720,1
14:05:06,10.4,114,118560,1
14:05:03,10.4,192,199680,1
14:05:00,10.38,560,581280,-1
14:04:57,10.4,33,34320,1
14:04:54,10.4,20,20800,1
14:04:51,10.39,1,1039,-1
14:04:48,10.4,86,89440,1
14:04:42,10.4,5,5200,1
14:04:39,10.4,21,21840,1
14:04:36,10.41,29,30189,1
14:04:33,10.41,20,20820,1
14:04:30,10.4,23,23920,-1
14:04:27,10.4,11,11440,-1
14:04:21,10.4,43,44720,1
14:04:18,10.4,15,15600,1
14:04:15,10.4,7,7280,1
14:04:09,10.4,513,533520,1
14:04:06,10.4,80,83200,1
14:04:03,10.4,404,420160,-1
14:04:00,10.41,11,11451,1
14:03:57,10.4,328,341120,-1
14:03:51,10.4,1011,1051440,-1
14:03:48,10.4,12,12480,-1
14:03:42,10.4,376,392007,1
14:03:39,10.4,20,20800,1
14:03:36,10.39,64,66496,-1
14:03:33,10.4,2,2080,1
14:03:30,10.4,268,278720,1
14:03:27,10.4,100,104000,1
14:03:24,10.4,11,11440,1
14:03:21,10.4,46,47840,1
14:03:18,10.4,85,88400,1
14:03:15,10.4,3,3120,1
14:03:12,10.4,26,27112,-1
14:03:09,10.4,28,30087,1
14:03:06,10.4,46,47840,1
14:03:03,10.4,83,86320,1
14:03:00,10.4,132,137280,1
14:02:57,10.39,100,103900,-1
14:02:51,10.39,97,100783,1
14:02:48,10.39,403,418717,-1
14:02:42,10.4,30,31200,1
14:02:39,10.4,16,16640,1
14:02:36,10.39,201,208849,-1
14:02:33,10.4,67,69680,1
14:02:30,10.39,43,44677,-1
14:02:27,10.39,97,100783,-1
14:02:24,10.4,70,72800,1
14:02:21,10.39,1,1039,-1
14:02:18,10.39,52,54028,-1
14:02:15,10.39,101,104939,-1
14:02:12,10.39,156,163112,1
14:02:09,10.38,25,25950,-1
14:02:06,10.39,14,14546,1
14:02:03,10.39,37,38443,1
14:02:00,10.39,113,117407,1
14:01:57,10.38,94,97572,-1
14:01:51,10.38,15,15570,-1
14:01:48,10.38,34,36278,1
14:01:45,10.38,30,31140,1
14:01:42,10.38,72,74736,1
14:01:39,10.38,120,124560,1
14:01:36,10.38,354,367452,1
14:01:33,10.38,257,266766,-1
14:01:30,10.38,1085,1126230,-1
14:01:27,10.39,36,37404,1
14:01:24,10.38,320,332160,-1
14:01:18,10.38,51,52938,-1
14:01:15,10.38,99,102762,-1
14:01:09,10.38,56,58128,-1
14:01:06,10.38,1,1038,-1
14:01:03,10.38,342,354996,-1
14:01:00,10.38,19,19722,-1
14:00:57,10.38,190,197220,1
14:00:48,10.37,179,185623,-1
14:00:39,10.37,15,15554,1
14:00:36,10.37,5,5185,0
14:00:33,10.36,3,3108,-1
14:00:30,10.36,448,464128,-1
14:00:27,10.37,93,96451,-1
14:00:24,10.38,472,490963,1
14:00:21,10.36,804,832944,-1
14:00:18,10.37,57,59108,1
14:00:15,10.37,145,150365,1
14:00:12,10.36,15,15540,-1
14:00:09,10.37,2,2074,1
14:00:06,10.36,37,38332,-1
14:00:03,10.37,15,15554,1
14:00:00,10.38,5,5190,1
13:59:57,10.38,938,973644,1
13:59:54,10.37,64,66368,-1
13:59:51,10.38,109,113142,1
13:59:48,10.38,49,50862,1
13:59:45,10.37,11,11407,-1
13:59:42,10.38,2,2076,1
13:59:39,10.37,6,6221,-1
13:59:33,10.37,30,31109,-1
13:59:30,10.37,212,219843,-1
13:59:27,10.37,1,1037,-1
13:59:24,10.38,10,10380,1
13:59:21,10.37,41,42517,-1
13:59:18,10.37,30,31109,-1
13:59:15,10.37,6,6221,-1
13:59:12,10.37,56,58071,-1
13:59:09,10.37,77,79849,-1
13:59:06,10.37,5,5185,-1
13:59:03,10.38,1106,1148121,1
13:59:00,10.36,24,24864,-1
13:58:57,10.37,55,57034,1
13:58:54,10.37,8,8296,1
13:58:48,10.36,5,5180,-1
13:58:45,10.37,94,97477,1
13:58:42,10.37,100,103699,1
13:58:39,10.37,42,43554,1
13:58:36,10.37,1,1037,1
13:58:33,10.37,216,223991,1
13:58:30,10.37,382,397077,-1
13:58:27,10.38,13,13494,1
13:58:24,10.37,29,30072,-1
13:58:21,10.37,3,3110,-1
13:58:18,10.37,90,93330,-1
13:58:15,10.38,6,6228,1
13:58:09,10.37,20,20740,-1
13:58:03,10.37,57,59108,-1
13:58:00,10.38,118,122484,-1
13:57:57,10.39,56,58184,1
13:57:54,10.38,21,21798,-1
13:57:51,10.39,31,32209,1
13:57:48,10.39,24,24936,1
13:57:45,10.38,31,32178,-1
13:57:42,10.38,250,259500,-1
13:57:39,10.38,1,1038,-1
13:57:36,10.38,11,11418,-1
13:57:33,10.38,19,19722,-1
13:57:30,10.38,126,130788,-1
13:57:24,10.38,11,11418,-1
13:57:15,10.38,10,10380,-1
13:57:12,10.39,26,27014,1
13:57:09,10.38,13,13494,-1
13:57:03,10.39,48,49872,1
13:57:00,10.38,25,25950,-1
13:56:57,10.39,138,143382,1
13:56:54,10.38,5,5190,-1
13:56:51,10.39,120,124680,1
13:56:48,10.38,284,294792,-1
13:56:45,10.39,5,5195,1
13:56:42,10.39,70,72730,1
13:56:39,10.39,4,4156,1
13:56:36,10.39,11,11429,1
13:56:33,10.38,50,51900,-1
13:56:30,10.39,1,1039,1
13:56:27,10.38,28,29064,-1
13:56:24,10.39,23,23897,1
13:56:21,10.39,416,432224,0
13:56:18,10.39,13,13507,0
13:56:15,10.4,94,97760,1
13:56:12,10.4,2,2080,1
13:56:09,10.39,462,480018,-1
13:56:03,10.4,21,21840,1
13:55:57,10.39,25,25975,-1
13:55:54,10.4,124,128960,1
13:55:51,10.39,100,103900,-1
13:55:45,10.4,11,11440,1
13:55:42,10.4,338,351520,1
13:55:33,10.4,52,54080,1
13:55:27,10.39,4,4156,-1
13:55:24,10.39,70,72730,-1
13:55:21,10.39,39,40521,-1
13:55:18,10.39,57,59223,-1
13:55:12,10.39,30,31170,-1
13:55:09,10.39,190,197410,-1
13:55:06,10.4,304,316160,1
13:54:57,10.39,28,29092,1
13:54:54,10.39,133,138187,1
13:54:51,10.39,29,30131,1
13:54:48,10.38,8,8304,-1
13:54:45,10.39,36,37404,1
13:54:39,10.38,3,3114,-1
13:54:36,10.38,2,2076,-1
13:54:33,10.39,51,52989,1
13:54:30,10.38,100,103800,-1
13:54:27,10.37,35,36295,-1
13:54:21,10.37,224,232287,-1
13:54:18,10.37,9,9333,-1
13:54:12,10.38,2,2076,1
13:54:09,10.37,15,15554,-1
13:54:06,10.37,8,8296,-1
13:54:03,10.37,78,80886,-1
13:54:00,10.38,25,25950,1
13:53:57,10.37,20,20740,-1
13:53:54,10.38,106,110028,1
13:53:51,10.38,117,121446,1
13:53:48,10.37,30,31109,-1
13:53:45,10.37,52,53923,-1
13:53:39,10.37,3,3110,-1
13:53:36,10.37,882,914727,1
13:53:33,10.36,35,36260,-1
13:53:30,10.36,7,7252,-1
13:53:27,10.37,5,5185,1
13:53:24,10.37,20,20740,1
13:53:21,10.37,6,6221,1
13:53:18,10.36,7,7252,-1
13:53:15,10.37,5,5185,1
13:53:12,10.36,8,8288,-1
13:53:09,10.37,10,10370,1
13:53:06,10.36,38,39368,-1
13:53:00,10.36,40,41440,-1
13:52:57,10.37,10,10370,1
13:52:54,10.36,5,5180,-1
13:52:51,10.37,93,96441,1
13:52:48,10.36,26,26936,-1
13:52:45,10.37,5,5185,1
13:52:42,10.37,19,19703,1
13:52:39,10.37,41,42517,1
13:52:33,10.37,48,50719,-1
13:52:27,10.37,8,8296,-1
13:52:24,10.38,11,11418,1
13:52:21,10.38,24,24912,1
13:52:15,10.38,2,2076,0
13:52:12,10.39,50,51950,1
13:52:09,10.38,10,10380,1
13:52:06,10.36,183,189681,1
13:52:03,10.36,2116,2193118,-1
13:52:00,10.39,200,207800,1
13:51:54,10.38,49,50862,-1
13:51:51,10.38,32,33216,-1
13:51:48,10.38,10,10380,-1
13:51:45,10.39,34,35326,1
13:51:42,10.38,20,20760,-1
13:51:36,10.38,1370,1422153,1
13:51:33,10.36,46,47656,-1
13:51:30,10.37,5,5185,1
13:51:27,10.37,152,157624,1
13:51:24,10.37,18,18666,1
13:51:21,10.37,14,14517,1
13:51:18,10.37,141,146217,1
13:51:15,10.36,40,41440,-1
13:51:12,10.37,115,119254,1
13:51:09,10.36,1,1036,-1
13:51:06,10.37,21,21777,1
13:51:03,10.36,19,19684,-1
13:51:00,10.36,1,1036,-1
13:50:57,10.36,29,30044,-1
13:50:54,10.36,23,23828,-1
13:50:51,10.37,11,11407,1
13:50:48,10.36,77,79772,-1
13:50:45,10.36,36,37296,-1
13:50:42,10.36,21,21756,-1
13:50:36,10.37,172,178364,1
13:50:33,10.37,103,106810,1
13:50:30,10.37,1380,1432003,-1
13:50:27,10.39,51,52989,1
13:50:24,10.38,86,89268,1
13:50:18,10.38,3,3114,1
13:50:12,10.37,42,43554,-1
13:50:09,10.38,28,29064,1
13:50:06,10.4,1055,1097200,1
13:50:00,10.37,39,40443,-1
13:49:57,10.38,13,13494,-1
13:49:54,10.38,31,32178,-1
13:49:48,10.38,22,22836,-1
13:49:45,10.38,693,719334,-1
13:49:42,10.39,1,1039,1
13:49:39,10.39,65,67535,1
13:49:36,10.37,200,207399,-1
13:49:33,10.38,1,1038,-1
13:49:30,10.38,10,10380,-1
13:49:27,10.37,32,34210,-1
13:49:24,10.38,11,11418,1
13:49:21,10.38,20,20760,1
13:49:15,10.38,1,1038,1
13:49:12,10.38,113,117294,-1
13:49:09,10.4,35,36400,1
13:49:06,10.4,1804,1876160,1
13:49:03,10.39,40,41560,-1
13:49:00,10.39,231,240009,-1
13:48:54,10.39,44,45716,-1
13:48:51,10.39,112,116368,-1
13:48:48,10.4,379,394160,1
13:48:45,10.38,1036,1075368,-1
13:48:42,10.38,510,529380,-1
13:48:39,10.38,1,1038,-1
13:48:36,10.38,12,12456,-1
13:48:33,10.38,2,2076,-1
13:48:30,10.38,41,42558,-1
13:48:27,10.39,4,4156,1
13:48:24,10.39,59,61301,1
13:48:21,10.38,13,13494,-1
13:48:18,10.4,268,278782,1
13:48:15,10.39,55,57145,-1
13:48:12,10.4,10,10400,1
13:48:09,10.39,1000,1039000,-1
13:48:06,10.39,10,10390,-1
13:48:03,10.4,34,35360,1
13:48:00,10.4,100,104000,-1
13:47:57,10.4,96,99840,-1
13:47:54,10.4,15,15600,-1
13:47:51,10.4,50,52000,-1
13:47:48,10.4,872,906880,1
13:47:45,10.4,12,12480,1
13:47:42,10.39,45,46755,-1
13:47:39,10.4,63,66549,1
13:47:33,10.4,44,45760,1
13:47:30,10.4,14,14560,1
13:47:27,10.39,11,11429,-1
13:47:24,10.4,11,11440,1
13:47:21,10.4,71,73840,-1
13:47:18,10.41,312,324792,1
13:47:12,10.41,126,131166,1
13:47:09,10.4,9,9360,-1
13:47:06,10.4,74,76960,-1
13:47:00,10.4,10,10400,-1
13:46:48,10.41,20,20820,1
13:46:45,10.4,2,2080,-1
13:46:42,10.41,46,47886,1
13:46:39,10.41,50,52050,1
13:46:36,10.4,69,71760,-1
13:46:33,10.4,10,10400,-1
13:46:30,10.39,40,41560,-1
13:46:27,10.4,33,35339,1
13:46:24,10.4,20,20800,1
13:46:21,10.4,24,24960,1
13:46:18,10.4,33,34320,1
13:46:09,10.39,3,3117,-1
13:46:06,10.42,3,3126,1
13:46:00,10.39,963,1000557,-1
13:45:57,10.41,30,31230,1
13:45:54,10.4,18,18720,-1
13:45:51,10.4,20,20800,-1
13:45:48,10.43,115,119945,1
13:45:42,10.43,41,42763,1
13:45:39,10.42,1,1042,-1
13:45:36,10.43,36,37548,1
13:45:33,10.4,24,24960,-1
13:45:21,10.42,1,1042,0
13:45:18,10.43,151,157493,1
13:45:15,10.43,164,171052,1
13:45:12,10.42,1005,1047210,1
13:45:09,10.42,10,10420,0
13:45:06,10.41,1903,1981023,-1
13:45:00,10.42,19,19798,-1
13:44:57,10.42,100,104200,-1
13:44:54,10.42,32,33344,-1
13:44:48,10.43,1,1043,1
13:44:45,10.42,21,21882,-1
13:44:42,10.43,8,8344,1
13:44:39,10.43,120,125160,1
13:44:36,10.43,66,68838,1
13:44:33,10.43,11,11473,1
13:44:30,10.43,79,82397,1
13:44:27,10.43,16,16688,1
13:44:24,10.43,30,31290,-1
13:44:21,10.43,25,26075,-1
13:44:18,10.43,43,44849,-1
13:44:12,10.43,22,22946,-1
13:44:09,10.43,5,5215,-1
13:44:06,10.42,15,15630,1
13:44:03,10.42,485,505370,-1
13:44:00,10.43,30,31290,-1
13:43:57,10.43,319,332717,1
13:43:54,10.42,311,324062,1
13:43:51,10.43,1000,1043000,1
13:43:48,10.42,416,433472,-1
13:43:45,10.42,10,10420,-1
13:43:42,10.42,12,12504,-1
13:43:39,10.42,33,34386,-1
13:43:36,10.43,31,32333,1
13:43:33,10.42,103,107326,-1
13:43:30,10.42,63,65646,-1
13:43:27,10.42,27,28134,-1
13:43:24,10.42,268,280266,1
13:43:18,10.41,8,8328,-1
13:43:15,10.41,7,7287,-1
13:43:12,10.42,2,2084,1
13:43:09,10.41,10,10410,-1
13:43:06,10.42,152,158384,1
13:43:03,10.41,13,13533,-1
13:42:57,10.41,5,5205,-1
13:42:54,10.41,17,17697,-1
13:42:51,10.41,90,93690,-1
13:42:48,10.41,3,3123,-1
13:42:45,10.41,80,83280,-1
13:42:42,10.41,6,6246,-1
13:42:39,10.41,40,41640,-1
13:42:36,10.42,27,28134,1
13:42:33,10.42,37,38554,1
13:42:27,10.42,22,22924,1
13:42:24,10.41,1,1041,-1
13:42:21,10.41,38,39558,-1
13:42:18,10.42,7,7294,1
13:42:15,10.41,10,10410,-1
13:42:09,10.41,1,1041,-1
13:42:06,10.42,214,222988,1
13:42:03,10.41,12,12492,-1
13:42:00,10.41,20,20820,-1
13:41:57,10.42,111,115662,1
13:41:54,10.42,20,20840,1
13:41:51,10.42,27,28134,1
13:41:48,10.41,6,6246,-1
13:41:45,10.41,41,42681,-1
13:41:42,10.42,22,22924,1
13:41:39,10.41,250,260250,-1
13:41:36,10.41,34,35394,-1
13:41:33,10.42,34,35428,1
13:41:30,10.41,36,37476,-1
13:41:27,10.41,101,105141,-1
13:41:24,10.42,128,133376,1
13:41:18,10.41,55,57255,1
13:41:15,10.4,5,5200,-1
13:41:12,10.41,78,81198,1
13:41:06,10.41,1,1041,1
13:41:03,10.41,290,301890,-1
13:41:00,10.41,48,49968,-1
13:40:54,10.41,24,24984,-1
13:40:51,10.41,6,6246,-1
13:40:48,10.41,30,31230,-1
13:40:45,10.41,37,38517,-1
13:40:42,10.42,32,33344,0
13:40:39,10.43,1110,1157730,1
13:40:36,10.41,21,21861,-1
13:40:33,10.42,163,169846,1
13:40:30,10.41,52,54132,-1
13:40:27,10.42,36,37512,1
13:40:24,10.41,15,15615,-1
13:40:18,10.42,3,3126,1
13:40:15,10.41,33,34353,-1
13:40:12,10.42,56,58352,-1
13:40:09,10.43,51,53193,1
13:40:06,10.42,106,110452,-1
13:40:03,10.43,61,63623,1
13:40:00,10.43,25,26075,1
13:39:57,10.43,10,10430,1
13:39:51,10.42,42,43764,-1
13:39:48,10.43,244,254492,-1
13:39:45,10.43,1,1043,-1
13:39:42,10.44,152,158688,1
13:39:39,10.43,49,51107,-1
13:39:36,10.43,5,5215,-1
13:39:33,10.43,22,22946,-1
13:39:30,10.44,20,20880,1
13:39:27,10.43,115,119945,-1
13:39:24,10.43,460,479780,1
13:39:18,10.42,122,127124,1
13:39:15,10.42,23,23966,1
13:39:12,10.42,21,21882,-1
13:39:06,10.42,99,103158,1
13:39:03,10.42,36,37512,1
13:39:00,10.41,5,5205,-1
13:38:54,10.42,50,52100,1
13:38:51,10.42,28,29176,-1
13:38:48,10.43,10,10430,1
13:38:45,10.43,114,118902,1
13:38:42,10.43,46,47978,-1
13:38:39,10.43,154,160622,1
13:38:36,10.43,165,172095,1
13:38:33,10.43,14,14602,1
13:38:30,10.43,10,10430,1
13:38:27,10.43,41,42763,1
13:38:24,10.43,166,173138,-1
13:38:21,10.43,355,370265,-1
13:38:18,10.43,16,16688,-1
13:38:12,10.43,40,41720,-1
13:38:09,10.44,23,24012,1
13:38:06,10.44,19,19836,1
13:38:03,10.44,7,7308,1
13:38:00,10.44,161,168084,-1
13:37:57,10.44,377,393588,-1
13:37:54,10.44,419,437436,-1
13:37:51,10.45,279,291555,1
13:37:48,10.44,32,33408,-1
13:37:45,10.45,31,32394,1
13:37:42,10.44,181,188964,-1
13:37:39,10.45,215,224674,1
13:37:36,10.44,141,147204,-1
13:37:33,10.45,28,29259,1
13:37:30,10.44,39,40716,-1
13:37:27,10.44,140,146160,-1
13:37:24,10.45,179,188079,1
13:37:21,10.44,2,2088,-1
13:37:18,10.45,10,10450,1
13:37:15,10.44,472,492768,-1
13:37:12,10.44,77,80388,-1
13:37:09,10.45,29,30304,1
13:37:06,10.44,105,109620,-1
13:37:03,10.44,92,96048,-1
13:37:00,10.44,24,25056,-1
13:36:57,10.45,162,169290,1
13:36:54,10.44,41,42804,-1
13:36:51,10.44,45,46980,-1
13:36:48,10.45,412,430539,1
13:36:45,10.44,121,126324,-1
13:36:42,10.44,27,28188,-1
13:36:39,10.45,47,49115,1
13:36:36,10.45,26,27169,1
13:36:33,10.45,102,107321,1
13:36:30,10.44,144,150388,-1
13:36:27,10.44,53,55332,-1
13:36:24,10.44,108,112752,-1
13:36:21,10.44,43,44892,-1
13:36:18,10.44,133,138852,-1
13:36:15,10.44,51,53244,-1
13:36:12,10.44,51,53244,-1
13:36:09,10.44,10,10440,-1
13:36:06,10.45,191,199595,1
13:36:03,10.44,230,240120,-1
13:36:00,10.45,60,62699,1
13:35:57,10.44,90,93960,-1
13:35:54,10.44,70,73080,-1
13:35:48,10.44,67,69948,-1
13:35:45,10.44,668,698383,1
13:35:42,10.43,66,68838,-1
13:35:39,10.43,109,113687,-1
13:35:33,10.43,70,73010,-1
13:35:30,10.43,258,269094,-1
13:35:27,10.44,160,167040,1
13:35:24,10.43,30,31290,-1
13:35:21,10.44,35,36540,1
13:35:15,10.43,64,66752,-1
13:35:12,10.44,111,115884,1
13:35:09,10.44,95,99180,1
13:35:06,10.43,165,172095,-1
13:35:03,10.44,62,64728,1
13:35:00,10.43,70,73010,-1
13:34:57,10.43,140,146020,-1
13:34:54,10.44,8,8352,1
13:34:51,10.43,150,156450,-1
13:34:48,10.44,34,35496,1
13:34:45,10.43,64,66752,1
13:34:42,10.43,49,51107,-1
13:34:39,10.43,442,461006,-1
13:34:36,10.44,167,174348,1
13:34:33,10.44,16,16704,1
13:34:30,10.44,219,228636,1
13:34:27,10.43,277,288911,-1
13:34:21,10.43,108,112644,-1
13:34:18,10.43,103,107429,-1
13:34:15,10.43,17,17731,-1
13:34:12,10.44,582,607608,1
13:34:09,10.42,5,5210,-1
13:34:06,10.43,71,74053,1
13:34:03,10.42,46,47932,-1
13:34:00,10.43,105,109515,1
13:33:57,10.42,5,5210,-1
13:33:54,10.43,1,1043,1
13:33:51,10.43,19,19817,1
13:33:48,10.43,134,139762,1
13:33:45,10.43,2,2086,0
13:33:42,10.42,75,78150,-1
13:33:39,10.43,6,6258,-1
13:33:36,10.44,30,31320,1
13:33:33,10.43,12,12516,-1
13:33:30,10.43,46,47978,-1
13:33:27,10.42,53,55226,-1
13:33:24,10.44,14,14616,1
13:33:21,10.42,39,40638,-1
13:33:18,10.43,39,40677,0
13:33:09,10.42,245,255290,-1
13:33:06,10.42,41,42722,-1
13:33:03,10.43,98,102214,1
13:33:00,10.43,15,15645,1
13:32:57,10.43,22,22946,1
13:32:54,10.42,30,31260,-1
13:32:51,10.42,20,20840,-1
13:32:48,10.42,73,76066,-1
13:32:45,10.44,18,18792,1
13:32:42,10.42,193,201106,-1
13:32:39,10.42,5,5210,-1
13:32:33,10.42,1,1042,-1
13:32:27,10.42,114,118788,-1
13:32:24,10.43,11,11473,-1
13:32:21,10.43,3320,3462760,1
13:32:18,10.41,200,208200,-1
13:32:15,10.41,5,5205,-1
13:32:12,10.41,46,47886,-1
13:32:09,10.42,3,3126,1
13:32:06,10.41,23,23943,-1
13:32:03,10.41,55,57255,-1
13:32:00,10.41,43,44763,-1
13:31:54,10.41,558,580878,-1
13:31:51,10.41,272,283152,1
13:31:48,10.41,12,12492,1
13:31:45,10.41,12,12492,-1
13:31:42,10.41,10,10410,-1
13:31:39,10.41,106,110346,-1
13:31:36,10.41,115,119715,-1
13:31:33,10.41,30,31230,-1
13:31:30,10.41,2,2082,-1
13:31:27,10.41,23,23943,-1
13:31:24,10.41,536,557976,1
13:31:21,10.4,30,31200,-1
13:31:18,10.4,50,52000,-1
13:31:15,10.41,1,1041,1
13:31:12,10.4,176,183040,-1
13:31:06,10.41,100,104100,1
13:31:03,10.4,103,107120,-1
13:31:00,10.42,302,314684,1
13:30:57,10.41,262,272742,-1
13:30:54,10.41,88,91608,-1
13:30:51,10.42,142,147964,1
13:30:48,10.42,65,67730,1
13:30:45,10.41,18,18738,-1
13:30:42,10.41,90,93690,-1
13:30:39,10.41,128,133248,-1
13:30:36,10.41,10,10410,-1
13:30:33,10.41,7,7287,-1
13:30:30,10.41,2,2082,-1
13:30:27,10.42,25,26050,1
13:30:24,10.42,1013,1055577,-1
13:30:21,10.43,34,35462,1
13:30:18,10.42,31,32302,-1
13:30:15,10.42,35,36470,-1
13:30:12,10.42,143,149006,-1
13:30:06,10.42,234,243828,-1
13:30:03,10.43,3,3129,1
13:30:00,10.43,106,110558,1
13:29:57,10.43,48,50064,1
13:29:54,10.43,363,378702,-1
13:29:51,10.43,39,40677,-1
13:29:48,10.44,111,115884,1
13:29:45,10.43,78,81354,-1
13:29:42,10.43,12,12516,-1
13:29:39,10.43,79,82397,-1
13:29:36,10.43,8,8344,-1
13:29:33,10.43,500,521500,-1
13:29:30,10.43,508,530793,1
13:29:27,10.43,9,9387,1
13:29:24,10.43,99,103257,1
13:29:21,10.43,281,293083,-1
13:29:18,10.44,50,52200,1
13:29:15,10.43,539,562177,-1
13:29:12,10.43,3,3129,-1
13:29:09,10.43,631,658133,0
13:29:06,10.42,129,134418,-1
13:29:03,10.43,191,199213,1
13:29:00,10.43,44,45892,1
13:28:57,10.43,10,10430,1
13:28:51,10.43,14,14602,1
13:28:48,10.43,30,31290,1
13:28:45,10.43,14,14602,1
13:28:39,10.42,12,12504,-1
13:28:36,10.42,17,17714,-1
13:28:33,10.43,89,92827,-1
13:28:30,10.43,2,2086,-1
13:28:27,10.43,36,37548,-1
13:28:24,10.43,20,20860,-1
13:28:21,10.44,143,149292,1
13:28:18,10.43,112,116816,-1
13:28:15,10.43,52,54236,-1
13:28:12,10.44,1,1044,1
13:28:09,10.43,22,22946,-1
13:28:06,10.43,25,26075,-1
13:28:03,10.43,20,20860,-1
13:28:00,10.44,116,121104,1
13:27:57,10.43,7,7301,-1
13:27:54,10.42,113,117746,-1
13:27:51,10.43,106,110558,0
13:27:48,10.44,78,81432,1
13:27:42,10.43,1,1043,0
13:27:39,10.42,257,267794,-1
13:27:36,10.43,5,5215,-1
13:27:33,10.43,895,934496,1
13:27:30,10.42,20,20840,-1
13:27:27,10.42,39,40638,-1
13:27:21,10.42,179,186518,1
13:27:15,10.41,55,57255,-1
13:27:12,10.43,48,50064,1
13:27:09,10.42,111,115662,1
13:27:06,10.41,89,92649,-1
13:27:03,10.41,64,66624,-1
13:27:00,10.41,11,11451,-1
13:26:57,10.41,25,26025,-1
13:26:54,10.42,13,13546,1
13:26:51,10.42,46,47932,1
13:26:48,10.41,1,1041,-1
13:26:45,10.41,20,20820,-1
13:26:42,10.41,3,3123,-1
13:26:36,10.42,298,310516,1
13:26:33,10.41,7,7287,-1
13:26:30,10.41,8,8328,-1
13:26:27,10.42,57,59394,1
13:26:24,10.42,10,10420,1
13:26:21,10.41,120,124920,-1
13:26:18,10.42,46,47932,1
13:26:15,10.42,1,1042,1
13:26:12,10.42,11,11462,1
13:26:09,10.42,58,60436,-1
13:26:06,10.42,40,41680,-1
13:26:03,10.42,497,517874,-1
13:26:00,10.42,70,72940,-1
13:25:57,10.42,134,139628,-1
13:25:54,10.42,43,44806,-1
13:25:51,10.42,5,5210,-1
13:25:48,10.43,11,11473,1
13:25:45,10.42,85,88570,-1
13:25:42,10.43,300,312900,1
13:25:36,10.42,224,233408,-1
13:25:33,10.43,18,18774,1
13:25:30,10.43,35,36505,-1
13:25:27,10.43,48,50064,-1
13:25:24,10.44,6,6264,1
13:25:21,10.43,65,67795,-1
13:25:18,10.44,55,57420,1
13:25:15,10.44,9,9396,1
13:25:12,10.43,29,30247,-1
13:25:09,10.44,532,555408,1
13:25:06,10.44,250,261000,1
13:25:03,10.44,270,281880,1
13:25:00,10.44,16,16704,-1
13:24:54,10.44,60,62640,-1
13:24:51,10.44,155,161820,-1
13:24:48,10.45,75,78375,1
13:24:45,10.44,73,76212,-1
13:24:42,10.44,13,13572,-1
13:24:39,10.44,35,36540,-1
13:24:36,10.45,138,144210,1
13:24:33,10.44,122,127368,-1
13:24:30,10.44,76,79344,-1
13:24:27,10.45,353,368885,1
13:24:24,10.45,48,50160,1
13:24:21,10.45,43,44935,0
13:24:18,10.44,208,217152,-1
13:24:15,10.44,208,217152,-1
13:24:12,10.45,16,16720,1
13:24:09,10.45,95,99275,1
13:24:06,10.45,79,82555,1
13:24:03,10.45,243,253934,1
13:24:00,10.45,48,50160,1
13:23:57,10.45,69,72105,1
13:23:54,10.45,143,149435,1
13:23:51,10.45,15,15674,1
13:23:48,10.45,239,249754,1
13:23:45,10.45,62,64789,1
13:23:42,10.45,47,49115,0
13:23:39,10.46,115,120290,1
13:23:36,10.45,82,85690,-1
13:23:33,10.45,235,245574,1
13:23:27,10.44,80,83520,-1
13:23:24,10.45,113,118084,-1
13:23:21,10.45,476,497419,1
13:23:18,10.43,120,125160,-1
13:23:15,10.44,14,14616,1
13:23:12,10.44,94,98136,-1
13:23:09,10.45,107,111814,1
13:23:06,10.45,361,377245,1
13:23:03,10.45,75,78375,1
13:23:00,10.45,429,448304,1
13:22:57,10.44,482,503208,-1
13:22:54,10.45,157,164065,1
13:22:51,10.45,217,226764,1
13:22:48,10.44,112,116928,-1
13:22:45,10.45,42,43890,1
13:22:42,10.45,282,294690,1
13:22:39,10.44,11,11484,-1
13:22:36,10.45,27,28214,1
13:22:33,10.45,50,52250,1
13:22:27,10.45,1179,1232055,1
13:22:24,10.44,7,7308,1
13:22:21,10.44,21,21924,1
13:22:18,10.44,105,109620,-1
13:22:15,10.44,60,62640,1
13:22:12,10.44,120,125280,1
13:22:09,10.42,243,253206,-1
13:22:06,10.44,100,104400,1
13:22:03,10.44,36,37584,1
13:22:00,10.43,21,21903,-1
13:21:57,10.44,61,63684,1
13:21:54,10.44,96,100224,1
13:21:51,10.43,6,6258,-1
13:21:48,10.43,332,346276,-1
13:21:45,10.44,250,261000,1
13:21:42,10.44,11,11484,1
13:21:39,10.43,3,3129,0
13:21:36,10.42,81,84402,-1
13:21:33,10.43,240,250320,1
13:21:30,10.43,216,225288,1
13:21:27,10.43,44,45892,1
13:21:24,10.43,62,64666,1
13:21:21,10.43,2,2086,1
13:21:18,10.43,269,280567,-1
13:21:12,10.43,50,52150,-1
13:21:09,10.44,51,53244,1
13:21:06,10.44,122,127368,-1
13:21:03,10.44,188,196272,-1
13:21:00,10.44,17,17748,-1
13:20:57,10.45,125,130624,1
13:20:54,10.44,360,375840,-1
13:20:51,10.45,344,359480,-1
13:20:48,10.45,108,112859,-1
13:20:45,10.45,165,172425,1
13:20:42,10.46,39,40794,1
13:20:39,10.45,20,20900,1
13:20:36,10.45,162,169290,-1
13:20:33,10.46,322,336812,1
13:20:30,10.46,44,46024,1
13:20:27,10.45,486,507869,-1
13:20:24,10.46,25,26150,-1
13:20:21,10.46,86,89956,-1
13:20:18,10.46,528,552288,0
13:20:15,10.47,549,574803,1
13:20:12,10.46,332,347272,1
13:20:09,10.46,195,203970,-1
13:20:06,10.47,136,142392,1
13:20:03,10.47,94,98418,1
13:20:00,10.47,64,67008,-1
13:19:57,10.47,602,630294,1
13:19:54,10.46,614,642244,-1
13:19:51,10.48,134,140432,1
13:19:48,10.48,41,42968,1
13:19:45,10.48,350,366800,1
13:19:42,10.48,688,721024,-1
13:19:39,10.48,645,675960,-1
13:19:36,10.48,233,244184,1
13:19:33,10.48,599,627752,1
13:19:30,10.47,576,603072,-1
13:19:27,10.48,550,576400,1
13:19:24,10.48,243,254664,1
13:19:21,10.48,320,335360,0
13:19:18,10.49,622,652478,1
13:19:15,10.49,963,1010187,1
13:19:12,10.48,566,593168,-1
13:19:09,10.49,133,139517,1
13:19:06,10.48,231,242088,1
13:19:03,10.47,3359,3516873,-1
13:19:00,10.48,458,480990,1
13:18:57,10.46,1501,1570046,-1
13:18:54,10.47,455,476385,1
13:18:51,10.47,566,592602,1
13:18:48,10.47,255,267026,1
13:18:45,10.46,153,160038,-1
13:18:42,10.47,133,139251,1
13:18:39,10.46,577,603542,-1
13:18:36,10.46,5076,5310500,1
13:18:33,10.45,311,324995,1
13:18:30,10.45,576,601920,1
13:18:27,10.45,1121,1171445,1
13:18:24,10.44,1003,1047132,-1
13:18:21,10.45,815,851675,1
13:18:18,10.44,2408,2514317,1
13:18:15,10.42,348,362616,1
13:18:12,10.41,531,553426,1
13:18:09,10.41,146,151986,1
13:18:06,10.41,4063,4229583,1
13:18:03,10.39,46,47897,1
13:18:00,10.38,264,274966,-1
13:17:57,10.39,78,81042,1
13:17:54,10.38,27,28026,-1
13:17:51,10.38,126,130788,-1
13:17:48,10.39,148,153772,1
13:17:45,10.39,156,162084,1
13:17:42,10.39,236,245307,1
13:17:39,10.37,25,25924,-1
13:17:33,10.38,165,171270,1
13:17:30,10.37,11,11407,-1
13:17:27,10.37,48,49775,-1
13:17:18,10.37,10,10370,-1
13:17:15,10.37,3,3110,0
13:17:12,10.36,88,91168,-1
13:17:09,10.37,54,55997,1
13:17:06,10.36,14,14504,-1
13:17:03,10.39,704,731456,1
13:17:00,10.37,18,18666,1
13:16:57,10.37,66,68442,-1
13:16:54,10.38,1,1038,1
13:16:51,10.37,54,55997,-1
13:16:48,10.37,27,27998,-1
13:16:45,10.37,14,14517,-1
13:16:42,10.38,37,38406,1
13:16:39,10.37,50,51849,-1
13:16:36,10.38,94,97572,1
13:16:33,10.37,32,33184,-1
13:16:30,10.38,8,8304,1
13:16:27,10.38,137,142206,-1
13:16:24,10.38,41,42558,-1
13:16:21,10.39,156,162084,1
13:16:18,10.38,14,14532,-1
13:16:15,10.38,89,92382,-1
13:16:12,10.38,130,134940,-1
13:16:09,10.38,65,67470,-1
13:16:06,10.39,30,31170,1
13:16:03,10.39,25,25975,1
13:16:00,10.39,182,189098,-1
13:15:57,10.39,207,215073,-1
13:15:54,10.39,67,69613,-1
13:15:48,10.39,35,36365,-1
13:15:45,10.39,2,2078,-1
13:15:42,10.39,88,91432,1
13:15:39,10.39,29,30131,-1
13:15:36,10.39,144,149616,-1
13:15:33,10.39,355,368845,1
13:15:30,10.39,97,100783,1
13:15:27,10.39,100,103900,1
13:15:24,10.38,40,41520,-1
13:15:21,10.39,25,25975,1
13:15:18,10.38,6,6228,-1
13:15:15,10.38,115,119370,-1
13:15:12,10.38,91,94458,-1
13:15:09,10.38,137,142206,-1
13:15:06,10.39,72,74808,1
13:15:00,10.38,74,76812,1
13:14:57,10.38,119,123522,-1
13:14:54,10.38,45,46710,-1
13:14:51,10.39,86,89354,1
13:14:48,10.38,326,338388,1
13:14:45,10.37,14,14517,-1
13:14:39,10.37,3,3110,-1
13:14:36,10.37,447,463538,-1
13:14:33,10.38,96,99648,1
13:14:30,10.38,5,5190,1
13:14:27,10.38,7,7266,1
13:14:24,10.38,100,103800,1
13:14:21,10.38,1,1038,1
13:14:18,10.37,1,1037,-1
13:14:15,10.38,17,17646,-1
13:14:12,10.38,28,29064,-1
13:14:06,10.38,25,25950,-1
13:14:00,10.38,85,88230,1
13:13:57,10.37,90,93330,-1
13:13:54,10.38,38,39444,1
13:13:51,10.38,27,28026,1
13:13:48,10.37,10,10370,-1
13:13:45,10.38,41,42558,1
13:13:42,10.37,14,14517,-1
13:13:36,10.38,23,23874,1
13:13:33,10.36,5,5180,-1
13:13:30,10.36,50,51800,-1
13:13:27,10.38,30,31140,1
13:13:24,10.38,12,12456,1
13:13:21,10.37,112,116143,-1
13:13:18,10.36,646,669256,-1
13:13:15,10.37,15,15554,1
13:13:12,10.37,9,9333,1
13:13:09,10.37,115,119254,-1
13:13:06,10.37,44,45628,-1
13:13:00,10.37,11,11407,-1
13:12:57,10.37,2,2074,-1
13:12:51,10.38,25,25950,1
13:12:48,10.38,28,29064,1
13:12:45,10.38,78,80964,-1
13:12:42,10.38,176,182688,-1
13:12:39,10.38,9,9342,-1
13:12:33,10.38,105,108990,-1
13:12:30,10.39,17,17663,1
13:12:27,10.39,244,253516,-1
13:12:24,10.39,15,15585,-1
13:12:21,10.4,186,193440,1
13:12:18,10.39,9,9351,-1
13:12:15,10.39,123,127797,-1
13:12:12,10.39,4,4156,-1
13:12:09,10.4,112,116480,1
13:12:06,10.39,35,36365,-1
13:12:03,10.4,24,24960,1
13:11:57,10.4,75,78000,1
13:11:54,10.4,156,162240,1
13:11:51,10.4,140,145943,-1
13:11:48,10.4,333,346320,-1
13:11:45,10.4,78,81120,-1
13:11:42,10.41,97,100977,1
13:11:39,10.4,46,47840,-1
13:11:36,10.4,77,80080,-1
13:11:33,10.41,75,78075,1
13:11:27,10.4,62,64480,-1
13:11:24,10.4,148,153920,-1
13:11:21,10.41,56,58296,1
13:11:18,10.4,5,5200,-1
13:11:15,10.41,53,55173,1
13:11:12,10.41,23,23943,1
13:11:09,10.41,170,176970,1
13:11:06,10.4,704,732160,-1
13:11:03,10.41,41,42681,1
13:11:00,10.4,13,13520,-1
13:10:57,10.4,10,10400,-1
13:10:54,10.4,80,83200,-1
13:10:51,10.4,125,130000,-1
13:10:48,10.41,178,185298,1
13:10:45,10.4,176,183736,1
13:10:42,10.4,91,94983,-1
13:10:39,10.4,295,306800,-1
13:10:36,10.4,131,136240,-1
13:10:33,10.41,73,75993,1
13:10:30,10.4,617,642376,1
13:10:27,10.39,51,52989,-1
13:10:24,10.4,87,90480,1
13:10:21,10.4,114,118560,1
13:10:18,10.39,3,3117,-1
13:10:15,10.39,48,49872,-1
13:10:12,10.4,471,489840,1
13:10:09,10.4,186,193440,1
13:10:06,10.39,37,38443,-1
13:10:03,10.4,34,35360,1
13:10:00,10.4,317,329680,1
13:09:57,10.4,92,95680,1
13:09:54,10.4,139,144560,1
13:09:51,10.4,397,412880,1
13:09:48,10.4,336,349440,1
13:09:45,10.39,65,67535,-1
13:09:42,10.4,1005,1045200,1
13:09:39,10.39,152,157928,-1
13:09:36,10.4,53,55120,1
13:09:33,10.39,103,107017,-1
13:09:30,10.4,1044,1085760,1
13:09:27,10.39,60,62340,-1
13:09:24,10.39,20,20780,-1
13:09:18,10.4,721,749840,1
13:09:15,10.39,7,7273,-1
13:09:12,10.39,144,149616,-1
13:09:06,10.4,92,95680,1
13:09:03,10.39,84,87276,-1
13:09:00,10.39,100,103900,1
13:08:57,10.39,64,66496,1
13:08:54,10.39,187,194293,1
13:08:51,10.39,387,402093,1
13:08:48,10.39,20,20780,1
13:08:45,10.39,29,30131,1
13:08:42,10.39,69,71691,1
13:08:39,10.39,3,3117,1
13:08:36,10.39,70,72730,1
13:08:33,10.39,30,31170,1
13:08:30,10.39,30,31170,1
13:08:27,10.39,63,65457,1
13:08:24,10.38,8,8304,-1
13:08:21,10.38,5,5190,-1
13:08:18,10.38,15,15570,-1
13:08:15,10.39,38,39482,1
13:08:12,10.39,8,8312,1
13:08:09,10.39,286,297154,1
13:08:06,10.38,15,15570,1
13:08:03,10.38,98,101724,-1
13:08:00,10.39,601,624439,1
13:07:57,10.39,10,10390,1
13:07:51,10.38,61,63318,-1
13:07:48,10.39,10,10390,1
13:07:45,10.39,53,55067,1
13:07:42,10.38,10,10380,1
13:07:39,10.4,130,135200,1
13:07:36,10.36,25,25900,-1
13:07:33,10.36,1,1036,0
13:07:30,10.4,2785,2896400,1
13:07:24,10.36,2,2072,1
13:07:21,10.36,49,50764,1
13:07:18,10.36,51,52836,1
13:07:15,10.36,99,102564,-1
13:07:12,10.36,10,10360,-1
13:07:09,10.36,10,10360,-1
13:07:06,10.36,119,123284,-1
13:07:03,10.36,23,23828,-1
13:07:00,10.36,22,22792,-1
13:06:54,10.35,137,141795,-1
13:06:51,10.36,213,220668,1
13:06:48,10.36,21,21756,1
13:06:45,10.36,37,38332,1
13:06:42,10.36,98,101528,1
13:06:39,10.36,58,60088,-1
13:06:36,10.37,3,3110,1
13:06:33,10.35,67,69345,-1
13:06:30,10.36,26,26936,1
13:06:27,10.36,100,103600,1
13:06:24,10.36,20,20720,1
13:06:18,10.36,14,14504,-1
13:06:15,10.35,448,463680,-1
13:06:12,10.36,17,17612,-1
13:06:09,10.36,10,10360,-1
13:06:06,10.36,24,24864,1
13:06:03,10.36,20,20720,1
13:06:00,10.35,98,101430,-1
13:05:51,10.36,20,20720,1
13:05:48,10.36,49,50764,-1
13:05:45,10.36,31,32116,-1
13:05:42,10.37,14,14517,1
13:05:39,10.37,196,203251,1
13:05:36,10.35,14,14490,-1
13:05:33,10.36,72,74592,1
13:05:30,10.36,508,526288,1
13:05:27,10.35,38,39330,-1
13:05:24,10.36,6,6216,1
13:05:21,10.35,21,21735,-1
13:05:18,10.35,14,14490,-1
13:05:15,10.36,25,25900,1
13:05:12,10.36,20,20720,1
13:05:09,10.36,222,229992,-1
13:05:06,10.37,76,78812,1
13:05:03,10.37,20,20740,1
13:04:57,10.36,50,51800,-1
13:04:54,10.36,2,2072,-1
13:04:51,10.37,108,111995,1
13:04:45,10.37,4,4148,1
13:04:42,10.37,16,16592,1
13:04:39,10.37,1,1037,1
13:04:36,10.37,40,41480,-1
13:04:33,10.37,68,70516,-1
13:04:30,10.38,123,127674,1
13:04:27,10.38,73,75774,1
13:04:24,10.37,57,59108,-1
13:04:18,10.38,4,4152,1
13:04:15,10.38,2,2076,1
13:04:12,10.38,97,100686,-1
13:04:09,10.39,234,243126,1
13:04:06,10.39,31,32209,1
13:03:57,10.38,67,69546,-1
13:03:54,10.39,78,81042,1
13:03:51,10.38,380,394440,-1
13:03:48,10.38,33,34254,-1
13:03:45,10.38,125,129750,-1
13:03:39,10.39,27,28053,1
13:03:36,10.39,400,415600,1
13:03:30,10.37,25,25924,-1
13:03:27,10.38,15,15570,1
13:03:24,10.38,4,4152,0
13:03:18,10.38,10,10380,-1
13:03:15,10.39,4,4156,1
13:03:12,10.38,6,6228,-1
13:03:09,10.38,10,10380,0
13:03:03,10.39,157,163123,1
13:03:00,10.37,29,30072,-1
13:02:57,10.38,1,1038,1
13:02:54,10.38,112,116256,1
13:02:51,10.38,30,31140,1
13:02:48,10.38,115,119370,-1
13:02:45,10.39,103,107017,1
13:02:42,10.39,31,32209,1
13:02:39,10.39,155,161045,1
13:02:36,10.39,213,221307,1
13:02:33,10.39,55,57145,1
13:02:30,10.4,31,32240,1
13:02:27,10.4,22,22880,1
13:02:24,10.39,12,12468,-1
13:02:21,10.39,65,67535,-1
13:02:18,10.4,141,146640,1
13:02:15,10.4,45,46800,1
13:02:12,10.39,685,711715,-1
13:02:06,10.39,219,227541,-1
13:02:03,10.39,14,14546,-1
13:02:00,10.39,1027,1067053,1
13:01:57,10.37,35,36295,-1
13:01:54,10.38,13,13494,1
13:01:51,10.38,9,9342,0
13:01:42,10.37,14,14517,-1
13:01:39,10.38,34,35292,1
13:01:36,10.36,100,103600,-1
13:01:33,10.36,147,152292,-1
13:01:30,10.39,586,608854,1
13:01:27,10.37,3,3110,0
13:01:21,10.39,26,27014,1
13:01:18,10.39,8,8312,1
13:01:12,10.37,10,10370,0
13:01:06,10.38,50,51900,1
13:01:03,10.38,126,130788,0
13:01:00,10.39,63,65457,1
13:00:57,10.38,180,186840,-1
13:00:54,10.39,9,9351,1
13:00:51,10.39,13,13507,1
13:00:48,10.39,106,110134,1
13:00:45,10.39,25,25975,1
13:00:42,10.39,50,51950,1
13:00:39,10.39,17,17663,1
13:00:36,10.39,8,8312,-1
13:00:33,10.39,56,58184,0
13:00:30,10.4,250,260000,1
13:00:24,10.38,109,113142,1
13:00:21,10.39,1,1039,1
13:00:18,10.35,20,20700,0
13:00:15,10.33,2,2066,-1
13:00:12,10.33,496,512368,-1
13:00:09,10.33,442,456586,-1
13:00:06,10.33,1384,1429672,-1
13:00:03,10.36,6379,6608789,1
11:30:03,10.32,1,1032,-1
11:30:00,10.32,66,68112,-1
11:29:54,10.32,2,2064,-1
11:29:51,10.32,325,335400,1
11:29:48,10.31,26,26806,-1
11:29:45,10.32,12,12384,1
11:29:42,10.31,4,4124,-1
11:29:39,10.32,1,1032,1
11:29:36,10.32,100,103200,1
11:29:33,10.32,28,28896,1
11:29:30,10.32,100,103200,1
11:29:27,10.32,126,130032,-1
11:29:21,10.33,36,37188,1
11:29:18,10.33,7,7231,1
11:29:12,10.33,177,182841,-1
11:29:09,10.33,8,8264,-1
11:29:06,10.33,32,33056,-1
11:29:03,10.33,144,148752,-1
11:29:00,10.33,5,5165,-1
11:28:54,10.33,17,17561,-1
11:28:51,10.33,46,47518,1
11:28:45,10.32,80,82560,-1
11:28:42,10.32,5,5160,-1
11:28:36,10.32,63,65016,-1
11:28:33,10.33,33,34089,1
11:28:30,10.33,16,16528,1
11:28:27,10.33,27,27891,1
11:28:21,10.33,2,2066,-1
11:28:18,10.34,36,37224,1
11:28:15,10.33,3,3099,-1
11:28:09,10.33,245,253085,1
11:28:06,10.33,29,29957,1
11:28:00,10.31,225,231975,-1
11:27:57,10.32,9,9288,-1
11:27:54,10.31,350,360850,-1
11:27:51,10.32,18,18576,-1
11:27:48,10.32,332,343625,1
11:27:45,10.31,89,91759,-1
11:27:39,10.31,30,30930,-1
11:27:36,10.31,41,42271,-1
11:27:30,10.32,12,12384,1
11:27:27,10.31,9,9279,-1
11:27:24,10.32,31,31992,1
11:27:21,10.31,168,173208,-1
11:27:18,10.32,266,274512,1
11:27:15,10.3,14,14420,-1
11:27:12,10.31,30,30930,1
11:27:06,10.3,178,183340,-1
11:27:03,10.3,99,101970,1
11:27:00,10.3,6,6180,1
11:26:57,10.29,40,41160,-1
11:26:54,10.3,15,15450,1
11:26:51,10.3,27,27810,0
11:26:42,10.31,30,30930,1
11:26:39,10.29,100,102899,-1
11:26:33,10.31,300,309300,1
11:26:30,10.3,100,103000,1
11:26:27,10.3,17,17510,1
11:26:24,10.3,271,279130,-1
11:26:21,10.3,20,20600,-1
11:26:18,10.31,94,96914,1
11:26:15,10.3,65,66950,-1
11:26:09,10.3,1,1030,-1
11:26:06,10.3,19,19570,-1
11:26:03,10.3,28,28840,-1
11:26:00,10.29,649,667821,-1
11:25:51,10.3,35,36050,-1
11:25:48,10.3,29,29870,-1
11:25:45,10.3,3,3090,-1
11:25:42,10.29,150,154350,-1
11:25:39,10.3,65,66950,-1
11:25:33,10.3,66,67980,1
11:25:27,10.29,23,23666,-1
11:25:24,10.3,24,24720,1
11:25:21,10.3,64,65920,1
11:25:18,10.3,47,48410,1
11:25:15,10.29,93,95696,-1
11:25:12,10.3,36,37080,1
11:25:09,10.3,52,53560,1
11:25:06,10.3,78,80340,1
11:25:03,10.29,3,3086,-1
11:24:54,10.3,194,199820,-1
11:24:45,10.3,65,66950,1
11:24:42,10.3,49,50470,-1
11:24:39,10.3,43,44290,-1
11:24:36,10.31,22,22682,1
11:24:33,10.31,200,206200,1
11:24:27,10.31,525,541275,-1
11:24:24,10.32,84,86688,1
11:24:21,10.31,27,27837,-1
11:24:18,10.32,197,203304,1
11:24:12,10.31,6,6186,-1
11:24:09,10.31,85,87635,-1
11:24:06,10.31,1,1031,-1
11:24:03,10.31,148,152588,1
11:24:00,10.3,72,74160,-1
11:23:57,10.3,7,7210,-1
11:23:54,10.3,11,11330,-1
11:23:51,10.31,121,124751,1
11:23:42,10.3,58,59740,-1
11:23:39,10.31,5,5155,1
11:23:33,10.31,12,12372,1
11:23:30,10.3,34,35020,-1
11:23:27,10.3,28,28840,-1
11:23:24,10.31,18,18558,1
11:23:21,10.3,10,10300,-1
11:23:18,10.31,79,81449,1
11:23:12,10.3,34,35020,-1
11:23:06,10.3,53,54590,1
11:23:03,10.3,66,67980,-1
11:22:54,10.31,9,9279,0
11:22:45,10.3,368,379040,-1
11:22:42,10.31,11,11341,-1
11:22:39,10.31,8,8248,1
11:22:36,10.32,5,5160,1
11:22:33,10.3,12,12360,-1
11:22:30,10.3,22,22660,-1
11:22:27,10.31,10,10310,-1
11:22:21,10.3,188,193640,1
11:22:18,10.3,109,112270,1
11:22:15,10.29,4,4116,-1
11:22:09,10.3,43,44290,1
11:22:06,10.3,147,151410,1
11:22:00,10.29,20,20580,-1
11:21:57,10.3,99,101970,1
11:21:54,10.3,5,5150,1
11:21:51,10.29,108,111131,-1
11:21:45,10.3,48,49440,1
11:21:42,10.29,23,23666,-1
11:21:39,10.29,50,51449,-1
11:21:36,10.29,27,27782,0
11:21:27,10.3,1,1030,0
11:21:24,10.28,63,64763,-1
11:21:21,10.3,1,1030,1
11:21:18,10.3,67,69010,1
11:21:15,10.29,2,2058,1
11:21:12,10.29,4,4116,1
11:21:06,10.29,13,13376,1
11:21:03,10.29,19,19551,-1
11:20:57,10.3,100,103000,1
11:20:54,10.3,1,1030,1
11:20:51,10.3,79,81370,-1
11:20:48,10.32,1,1032,1
11:20:45,10.3,122,125660,-1
11:20:42,10.31,119,122689,-1
11:20:39,10.31,5,5155,-1
11:20:36,10.32,20,20640,1
11:20:30,10.32,24,24768,1
11:20:27,10.31,2,2062,-1
11:20:24,10.31,34,35054,-1
11:20:21,10.32,41,42312,-1
11:20:18,10.33,53,54749,1
11:20:15,10.33,73,75409,1
11:20:12,10.33,10,10330,1
11:20:03,10.33,13,13429,1
11:20:00,10.32,10,10320,1
11:19:57,10.31,28,28868,-1
11:19:54,10.33,134,138422,-1
11:19:48,10.33,175,180775,-1
11:19:45,10.33,100,103300,-1
11:19:36,10.34,296,306064,-1
11:19:33,10.35,86,89010,1
11:19:30,10.34,1518,1569612,-1
11:19:21,10.35,1,1035,1
11:19:18,10.35,79,81765,1
11:19:15,10.35,32,33120,1
11:19:12,10.34,20,20680,-1
11:19:09,10.34,22,22748,-1
11:19:06,10.34,51,52734,-1
11:19:03,10.35,10,10350,1
11:19:00,10.34,17,17578,-1
11:18:57,10.35,37,38295,1
11:18:54,10.35,79,81765,1
11:18:48,10.35,50,51750,1
11:18:45,10.34,112,115808,-1
11:18:42,10.35,92,95220,-1
11:18:39,10.35,73,75555,-1
11:18:36,10.35,35,36225,-1
11:18:33,10.35,198,204930,-1
11:18:30,10.36,13,13468,1
11:18:27,10.36,49,50764,1
11:18:24,10.35,21,21735,-1
11:18:21,10.36,11,11396,1
11:18:18,10.36,119,123284,1
11:18:15,10.35,51,52785,-1
11:18:12,10.36,45,46620,1
11:18:09,10.35,10,10350,-1
11:18:06,10.35,62,64170,-1
11:18:03,10.35,12,12420,-1
11:18:00,10.35,77,79695,-1
11:17:57,10.36,32,33152,1
11:17:54,10.35,66,68310,-1
11:17:51,10.35,60,62100,-1
11:17:48,10.35,101,104535,-1
11:17:45,10.35,59,61065,-1
11:17:42,10.36,15,15540,1
11:17:39,10.35,5,5175,-1
11:17:36,10.36,4,4144,1
11:17:33,10.36,17,17612,1
11:17:30,10.36,120,124320,1
11:17:27,10.35,5,5175,-1
11:17:21,10.35,15,15525,-1
11:17:18,10.36,91,94276,1
11:17:15,10.36,24,24864,1
11:17:12,10.36,274,283864,1
11:17:06,10.34,607,627638,-1
11:17:03,10.36,316,327376,1
11:17:00,10.34,40,41360,-1
11:16:57,10.34,88,90992,-1
11:16:54,10.36,2020,2092720,1
11:16:51,10.34,3,3102,-1
11:16:48,10.35,30,31050,1
11:16:45,10.35,7,7245,1
11:16:42,10.35,38,40209,-1
11:16:36,10.35,163,168705,-1
11:16:33,10.35,5,5175,-1
11:16:30,10.35,57,58995,-1
11:16:24,10.35,35,36225,-1
11:16:21,10.35,1,1035,-1
11:16:18,10.36,37,38332,1
11:16:15,10.35,44,45540,-1
11:16:12,10.35,177,183195,-1
11:16:09,10.35,939,972020,1
11:16:06,10.34,1,1034,-1
11:16:03,10.35,100,103500,1
11:16:00,10.34,86,88924,-1
11:15:57,10.35,100,103500,1
11:15:48,10.35,138,143699,-1
11:15:45,10.36,109,112924,1
11:15:42,10.35,10,10350,-1
11:15:39,10.35,716,742084,-1
11:15:36,10.35,30,31050,-1
11:15:33,10.35,56,57960,-1
11:15:27,10.35,21,21735,-1
11:15:24,10.35,9,9315,-1
11:15:21,10.35,19,19665,-1
11:15:18,10.36,41,42476,1
11:15:15,10.35,1,1035,-1
11:15:12,10.36,20,20720,1
11:15:09,10.35,79,81765,-1
11:15:03,10.35,5,5175,-1
11:15:00,10.36,15,15540,0
11:14:57,10.35,397,410895,-1
11:14:54,10.36,5,5180,1
11:14:51,10.35,110,113850,-1
11:14:48,10.36,136,140896,1
11:14:45,10.36,5,5180,1
11:14:42,10.35,23,23805,-1
11:14:39,10.36,3,3108,1
11:14:33,10.36,60,62160,1
11:14:30,10.35,226,233910,-1
11:14:24,10.36,93,96348,1
11:14:21,10.35,449,464890,1
11:14:18,10.35,197,203895,-1
11:14:15,10.35,60,62100,-1
11:14:12,10.35,51,52785,-1
11:14:09,10.35,35,36225,-1
11:14:06,10.35,155,160425,1
11:14:03,10.35,18,18630,1
11:14:00,10.35,524,542340,1
11:13:57,10.35,41,42435,1
11:13:54,10.34,85,87890,-1
11:13:51,10.35,150,155250,1
11:13:48,10.35,24,24840,1
11:13:45,10.34,18,18612,-1
11:13:42,10.35,252,260820,1
11:13:39,10.35,15,15525,1
11:13:36,10.35,904,936499,-1
11:13:33,10.36,133,137964,-1
11:13:30,10.37,38,39406,1
11:13:27,10.36,3,3108,-1
11:13:24,10.37,22,22814,1
11:13:21,10.37,65,67405,1
11:13:18,10.37,46,47702,1
11:13:15,10.37,32,33184,1
11:13:12,10.37,55,57034,1
11:13:09,10.37,3,3110,1
11:13:06,10.37,43,44591,1
11:13:03,10.35,600,621000,-1
11:13:00,10.37,19,19703,0
11:12:57,10.38,235,243930,1
11:12:54,10.35,107,110745,-1
11:12:51,10.36,277,286972,1
11:12:48,10.35,67,69345,-1
11:12:45,10.36,58,60088,1
11:12:42,10.36,189,195804,1
11:12:39,10.36,112,116032,1
11:12:36,10.36,16,16576,1
11:12:33,10.36,215,222740,1
11:12:30,10.35,125,129375,-1
11:12:27,10.35,112,115920,-1
11:12:24,10.36,302,312872,1
11:12:21,10.35,762,788670,1
11:12:18,10.35,103,106605,1
11:12:15,10.35,420,434700,1
11:12:12,10.35,38,39330,1
11:12:09,10.35,162,167670,1
11:12:06,10.34,79,81686,-1
11:12:03,10.34,41,42394,-1
11:12:00,10.34,1228,1269752,1
11:11:57,10.34,29,29986,1
11:11:54,10.33,70,72310,-1
11:11:51,10.33,114,117762,-1
11:11:48,10.33,5,5165,-1
11:11:45,10.33,158,163214,-1
11:11:42,10.33,20,20660,-1
11:11:39,10.33,94,97102,-1
11:11:36,10.34,10,10340,1
11:11:33,10.34,95,98230,1
11:11:27,10.34,99,102366,1
11:11:24,10.33,7,7231,-1
11:11:21,10.33,31,32023,-1
11:11:18,10.34,67,69278,1
11:11:12,10.33,1,1033,-1
11:11:09,10.33,252,260316,-1
11:11:06,10.33,639,661109,1
11:11:03,10.32,59,60888,1
11:11:00,10.31,17,17527,-1
11:10:57,10.32,1,1032,1
11:10:54,10.32,10,10320,1
11:10:51,10.32,30,30960,1
11:10:48,10.32,4,4128,-1
11:10:45,10.33,5,5165,1
11:10:39,10.33,61,63013,1
11:10:36,10.33,302,311976,-1
11:10:33,10.33,219,226227,-1
11:10:30,10.34,137,141658,1
11:10:27,10.33,37,38221,-1
11:10:24,10.33,15,15495,-1
11:10:21,10.33,2,2066,-1
11:10:18,10.34,37,38258,1
11:10:15,10.33,8,8264,-1
11:10:06,10.34,30,31020,1
11:10:03,10.33,32,33056,-1
11:10:00,10.34,31,32054,1
11:09:57,10.33,25,25825,-1
11:09:54,10.33,822,850148,1
11:09:51,10.31,8,8248,1
11:09:48,10.31,107,110317,1
11:09:45,10.31,69,71139,-1
11:09:42,10.32,25,25800,1
11:09:33,10.31,27,27847,-1
11:09:30,10.32,300,309600,-1
11:09:27,10.32,884,913309,1
11:09:24,10.3,2,2060,1
11:09:18,10.3,44,45320,0
11:09:15,10.31,1,1031,1
11:09:12,10.31,1,1031,1
11:09:09,10.31,335,345385,-1
11:09:06,10.32,211,217752,1
11:09:03,10.32,115,118680,1
11:09:00,10.31,384,395904,-1
11:08:57,10.31,31,31961,-1
11:08:54,10.31,102,105162,-1
11:08:45,10.31,7,7217,-1
11:08:42,10.31,14,14434,-1
11:08:39,10.31,1309,1349579,1
11:08:36,10.27,6,6162,1
11:08:33,10.27,188,193076,1
11:08:30,10.27,178,182806,-1
11:08:27,10.3,5,5150,1
11:08:24,10.29,51,52478,1
11:08:21,10.29,2,2058,1
11:08:18,10.29,36,37044,1
11:08:15,10.29,29,29840,1
11:08:12,10.29,68,69972,1
11:08:06,10.29,2,2058,1
11:08:03,10.28,26,26728,-1
11:07:57,10.29,183,188306,-1
11:07:54,10.3,103,106090,1
11:07:48,10.3,50,51500,1
11:07:45,10.26,41,42066,1
11:07:42,10.26,10,10260,-1
11:07:39,10.3,55,56650,1
11:07:36,10.25,11,11275,-1
11:07:33,10.26,676,693576,1
11:07:30,10.25,89,91225,1
11:07:27,10.25,53,54325,1
11:07:24,10.25,215,220375,1
11:07:21,10.25,2992,3066800,-1
11:07:18,10.3,162,166860,1
11:07:15,10.28,65,66820,1
11:07:12,10.26,5,5130,-1
11:07:09,10.28,19,19532,1
11:07:06,10.25,116,119556,-1
11:07:03,10.25,23,23575,-1
11:07:00,10.26,14,14364,1
11:06:57,10.25,271,278789,1
11:06:54,10.25,268,274700,1
11:06:51,10.25,234,239850,1
11:06:48,10.25,180,184500,1
11:06:45,10.25,1248,1279210,-1
11:06:42,10.26,150,153900,1
11:06:39,10.25,16,16400,-1
11:06:36,10.25,59,60475,-1
11:06:33,10.25,169,173225,-1
11:06:30,10.25,50,51250,-1
11:06:27,10.25,652,669314,1
11:06:24,10.24,300,307200,-1
11:06:21,10.24,23,23552,-1
11:06:18,10.24,71,72704,-1
11:06:15,10.24,110,112640,-1
11:06:12,10.24,28,28672,-1
11:06:09,10.25,150,153750,1
11:06:03,10.24,55,56320,1
11:06:00,10.23,47,48081,-1
11:05:57,10.24,58,59392,1
11:05:54,10.24,48,49152,1
11:05:51,10.23,91,93093,-1
11:05:48,10.24,128,131072,1
11:05:45,10.23,196,200508,-1
11:05:42,10.23,269,275187,-1
11:05:39,10.24,31,31744,1
11:05:36,10.24,45,46080,1
11:05:33,10.24,524,536576,1
11:05:30,10.23,311,318153,-1
11:05:27,10.25,72,73800,1
11:05:24,10.24,395,404480,-1
11:05:21,10.24,142,145408,-1
11:05:18,10.25,218,223450,1
11:05:15,10.24,267,273408,-1
11:05:12,10.24,99,101376,-1
11:05:09,10.24,65,66560,-1
11:05:06,10.24,580,593920,-1
11:05:03,10.24,35,35840,-1
11:05:00,10.25,41,42025,1
11:04:57,10.25,32,32800,1
11:04:54,10.25,40,41000,1
11:04:51,10.25,41,42025,1
11:04:48,10.25,162,166050,1
11:04:45,10.25,354,362860,-1
11:04:42,10.26,18,18468,0
11:04:39,10.25,274,280850,-1
11:04:36,10.27,21,21567,1
11:04:33,10.25,52,53300,-1
11:04:30,10.25,24,24600,-1
11:04:27,10.25,149,152725,-1
11:04:24,10.25,737,755425,-1
11:04:21,10.25,44,46114,1
11:04:18,10.25,88,90200,1
11:04:15,10.25,147,150675,1
11:04:12,10.24,1742,1783818,-1
11:04:09,10.25,26,26650,-1
11:04:03,10.25,20,20500,-1
11:04:00,10.25,318,325950,-1
11:03:57,10.27,426,438518,1
11:03:54,10.24,633,648192,-1
11:03:51,10.25,36,36900,1
11:03:48,10.25,73,74825,1
11:03:45,10.25,150,153750,1
11:03:42,10.25,47,48175,1
11:03:39,10.24,2,2048,-1
11:03:36,10.25,60,61500,1
11:03:33,10.25,103,105575,1
11:03:30,10.25,5,5125,1
11:03:27,10.25,1106,1133660,-1
11:03:24,10.28,261,268308,1
11:03:18,10.29,45,46304,1
11:03:15,10.27,21,21567,-1
11:03:12,10.29,5,5145,1
11:03:09,10.28,4,4112,-1
11:03:06,10.28,1,1028,0
11:03:03,10.27,33,33891,-1
11:02:57,10.26,1060,1087560,-1
11:02:54,10.31,18,18558,1
11:02:51,10.31,33,34023,1
11:02:48,10.3,5,5150,1
11:02:45,10.3,1,1030,1
11:02:42,10.28,118,121303,0
11:02:39,10.27,14,14378,-1
11:02:33,10.28,4,4112,1
11:02:30,10.27,2000,2054000,-1
11:02:27,10.31,70,72170,1
11:02:21,10.3,5,5150,1
11:02:18,10.3,149,153470,1
11:02:15,10.3,68,70040,1
11:02:12,10.3,31,31930,1
11:02:09,10.3,540,556200,-1
11:02:00,10.31,15,15465,-1
11:01:57,10.31,2,2062,0
11:01:51,10.3,10,10300,-1
11:01:48,10.29,28,28811,-1
11:01:45,10.3,133,136990,1
11:01:39,10.3,26,26780,1
11:01:36,10.3,12,12370,-1
11:01:33,10.3,60,62819,1
11:01:30,10.3,99,101980,-1
11:01:27,10.31,53,54643,-1
11:01:24,10.31,58,59798,-1
11:01:18,10.32,53,54696,1
11:01:15,10.32,12,12384,1
11:01:12,10.31,326,336106,-1
11:01:09,10.32,17,17544,1
11:01:06,10.32,35,36120,0
11:01:03,10.31,23,23713,-1
11:01:00,10.32,50,51600,-1
11:00:57,10.32,15,15480,-1
11:00:54,10.33,16,16528,1
11:00:51,10.32,3,3096,1
11:00:48,10.31,3,3093,-1
11:00:45,10.33,1026,1059858,1
11:00:36,10.32,12,12384,1
11:00:33,10.32,20,20640,1
11:00:30,10.31,28,28868,-1
11:00:27,10.31,121,124751,-1
11:00:24,10.32,66,68112,1
11:00:21,10.31,74,76294,-1
11:00:18,10.33,221,228293,1
11:00:15,10.31,154,158774,-1
11:00:12,10.3,363,373890,-1
11:00:09,10.32,13,14437,1
11:00:06,10.31,7,7217,1
11:00:03,10.31,410,422710,1
11:00:00,10.31,50,51550,1
10:59:57,10.31,180,185580,1
10:59:54,10.31,156,160846,-1
10:59:51,10.32,75,77400,1
10:59:48,10.31,92,94852,-1
10:59:45,10.32,41,42312,1
10:59:39,10.32,1,1032,1
10:59:36,10.32,41,42312,1
10:59:33,10.32,14,14448,-1
10:59:27,10.32,19,19608,-1
10:59:24,10.32,82,84624,-1
10:59:21,10.33,1,1033,1
10:59:18,10.33,36,37188,1
10:59:15,10.33,100,103300,1
10:59:09,10.33,30,30990,1
10:59:00,10.33,312,322296,-1
10:58:51,10.34,10,10340,1
10:58:48,10.34,66,68244,0
10:58:45,10.35,50,51750,1
10:58:42,10.33,319,329527,-1
10:58:30,10.35,180,186300,1
10:58:27,10.33,57,58881,-1
10:58:24,10.34,4,4136,-1
10:58:21,10.33,190,196270,-1
10:58:18,10.35,66,68310,1
10:58:12,10.34,11,11374,1
10:58:09,10.33,16,16528,-1
10:58:06,10.34,7,7238,1
10:58:03,10.35,140,144900,1
10:58:00,10.34,10,10340,1
10:57:57,10.33,12,12396,-1
10:57:54,10.33,35,36155,-1
10:57:51,10.35,14,14490,1
10:57:48,10.34,90,93060,1
10:57:45,10.33,739,763387,-1
10:57:42,10.34,111,114774,1
10:57:39,10.34,25,25850,1
10:57:33,10.34,27,27918,1
10:57:30,10.34,36,37224,-1
10:57:27,10.34,310,320540,-1
10:57:24,10.35,70,72450,0
10:57:18,10.36,36,37296,1
10:57:15,10.34,38,39292,-1
10:57:12,10.34,204,210936,-1
10:57:06,10.35,46,47610,-1
10:57:03,10.35,135,139725,1
10:57:00,10.34,15,15510,-1
10:56:57,10.35,103,106605,1
10:56:54,10.35,25,25875,-1
10:56:51,10.35,143,148005,1
10:56:48,10.35,71,73485,1
10:56:45,10.34,2,2068,-1
10:56:42,10.35,27,27945,1
10:56:39,10.34,196,202664,-1
10:56:36,10.35,62,64170,1
10:56:33,10.34,17,18405,-1
10:56:30,10.35,10,10350,-1
10:56:27,10.35,7,7245,-1
10:56:24,10.35,13,13455,-1
10:56:21,10.35,16,16767,1
10:56:18,10.35,47,48645,1
10:56:15,10.35,246,254610,1
10:56:12,10.34,1,1034,-1
10:56:09,10.35,43,44505,1
10:56:06,10.35,36,37260,1
10:56:03,10.34,16,16544,1
10:56:00,10.34,120,124080,-1
10:55:57,10.34,142,146828,-1
10:55:54,10.34,39,40326,-1
10:55:51,10.35,50,51750,1
10:55:45,10.35,126,130410,1
10:55:42,10.35,25,25875,1
10:55:39,10.35,33,34155,1
10:55:36,10.35,57,58995,1
10:55:33,10.35,16,16560,1
10:55:30,10.35,33,34155,1
10:55:27,10.35,17,17595,1
10:55:24,10.34,13,13442,0
10:55:21,10.33,21,21693,-1
10:55:18,10.35,666,689310,1
10:55:15,10.34,27,27918,1
10:55:12,10.33,28,28924,-1
10:55:09,10.34,10,10340,1
10:55:03,10.33,242,249986,-1
10:55:00,10.33,75,77475,1
10:54:57,10.32,8,8256,-1
10:54:54,10.33,105,108465,1
10:54:51,10.32,55,56760,-1
10:54:45,10.33,17,17561,1
10:54:39,10.32,110,113520,1
10:54:36,10.32,10,10320,1
10:54:33,10.31,4,4124,-1
10:54:30,10.31,5,5155,-1
10:54:27,10.32,53,54696,1
10:54:21,10.31,971,1002121,1
10:54:18,10.31,37,38147,1
10:54:15,10.3,2,2060,-1
10:54:09,10.31,10,10310,1
10:54:06,10.3,74,76220,-1
10:54:03,10.31,216,222696,1
10:54:00,10.3,800,824000,-1
10:53:57,10.31,2,2062,1
10:53:54,10.3,14,14420,-1
10:53:51,10.3,3,3090,0
10:53:48,10.31,330,340230,1
10:53:42,10.3,410,422300,-1
10:53:39,10.3,165,169950,-1
10:53:36,10.3,60,61800,-1
10:53:33,10.31,27,27837,1
10:53:30,10.31,50,51550,1
10:53:27,10.3,10,10300,-1
10:53:24,10.31,50,51550,1
10:53:18,10.31,81,83511,1
10:53:15,10.31,200,206200,1
10:53:12,10.31,69,71139,-1
10:53:09,10.32,82,84624,1
10:53:06,10.32,40,41280,1
10:53:00,10.31,42,43302,-1
10:52:57,10.31,20,20620,-1
10:52:54,10.31,15,15465,-1
10:52:45,10.32,100,103200,1
10:52:42,10.32,105,108370,-1
10:52:39,10.32,3,3096,-1
10:52:36,10.32,166,171312,-1
10:52:33,10.33,25,25825,1
10:52:30,10.33,92,95036,1
10:52:27,10.32,283,292056,-1
10:52:24,10.33,102,105366,-1
10:52:21,10.33,10,10330,0
10:52:18,10.34,109,112706,1
10:52:15,10.32,100,103200,-1
10:52:12,10.32,16,16512,-1
10:52:09,10.34,53,54802,1
10:52:06,10.33,18,18594,1
10:52:03,10.32,75,77400,-1
10:52:00,10.33,28,28924,-1
10:51:57,10.34,100,103400,1
10:51:51,10.32,90,93901,-1
10:51:48,10.33,78,80574,1
10:51:45,10.33,56,57848,1
10:51:42,10.33,40,41320,1
10:51:39,10.33,209,215897,1
10:51:36,10.33,11,11363,1
10:51:33,10.33,205,211765,-1
10:51:30,10.34,54,55836,1
10:51:27,10.34,201,207834,1
10:51:21,10.34,16,16544,1
10:51:18,10.34,250,258500,-1
10:51:15,10.35,16,16560,1
10:51:12,10.34,222,229548,-1
10:51:09,10.35,20,20700,1
10:51:06,10.35,80,82800,1
10:51:03,10.35,21,21735,1
10:51:00,10.34,250,258500,-1
10:50:57,10.34,133,137522,-1
10:50:54,10.34,31,32054,-1
10:50:51,10.35,20,20700,1
10:50:48,10.34,172,177848,-1
10:50:45,10.35,6,6210,1
10:50:42,10.35,31,32085,1
10:50:39,10.35,5,5175,1
10:50:36,10.35,24,24840,1
10:50:33,10.35,21,21735,1
10:50:30,10.35,34,35190,1
10:50:27,10.35,23,23805,1
10:50:24,10.35,26,26910,1
10:50:21,10.34,51,52734,-1
10:50:18,10.35,76,78660,1
10:50:15,10.35,11,11385,1
10:50:09,10.34,85,87890,-1
10:50:06,10.34,143,148482,1
10:50:03,10.34,20,20680,1
10:50:00,10.34,239,247126,1
10:49:57,10.34,189,195426,1
10:49:54,10.34,19,19646,1
10:49:51,10.34,105,108570,1
10:49:48,10.34,70,72380,1
10:49:45,10.34,58,59972,1
10:49:42,10.34,18,18612,1
10:49:39,10.34,170,176193,-1
10:49:36,10.35,55,56925,1
10:49:33,10.34,14,15096,1
10:49:30,10.34,80,82720,1
10:49:27,10.32,88,90816,-1
10:49:18,10.34,358,370172,1
10:49:15,10.32,35,36120,1
10:49:12,10.32,23,23736,1
10:49:09,10.31,5,5155,-1
10:49:06,10.3,21,21630,0
10:49:03,10.29,14,14405,-1
10:49:00,10.29,274,281946,-1
10:48:57,10.29,51,52478,1
10:48:54,10.28,281,288868,-1
10:48:51,10.29,1,1029,1
10:48:48,10.29,111,114218,1
10:48:45,10.29,66,67914,1
10:48:42,10.29,32,32928,-1
10:48:39,10.29,65,66885,-1
10:48:36,10.29,74,76146,-1
10:48:33,10.3,23,23690,1
10:48:30,10.29,41,42189,-1
10:48:24,10.29,15,15434,-1
10:48:21,10.3,28,28840,1
10:48:18,10.29,159,163611,1
10:48:15,10.29,109,112160,-1
10:48:12,10.3,43,44290,1
10:48:06,10.3,64,65920,1
10:48:03,10.29,18,18522,-1
10:48:00,10.3,336,346080,1
10:47:54,10.29,215,221234,-1
10:47:51,10.29,1,1029,-1
10:47:45,10.29,2,2058,-1
10:47:42,10.29,59,60710,1
10:47:39,10.28,204,209712,-1
10:47:36,10.28,91,93548,-1
10:47:33,10.3,127,130810,1
10:47:30,10.3,36,37080,1
10:47:27,10.29,3,3086,-1
10:47:24,10.29,3,3086,0
10:47:21,10.28,136,139808,-1
10:47:18,10.29,49,50420,1
10:47:15,10.3,60,61800,1
10:47:09,10.3,52,53560,1
10:47:06,10.3,32,32960,1
10:47:03,10.3,50,51500,1
10:47:00,10.3,50,51500,1
10:46:57,10.29,20,20580,-1
10:46:54,10.3,46,47380,1
10:46:51,10.29,27,27782,1
10:46:48,10.29,183,188306,-1
10:46:45,10.3,2,2060,1
10:46:42,10.29,48,49391,-1
10:46:39,10.3,168,173040,1
10:46:36,10.29,37,38073,-1
10:46:33,10.3,2,2060,1
10:46:30,10.3,15,15450,-1
10:46:27,10.32,31,31992,1
10:46:24,10.32,20,20640,1
10:46:21,10.32,75,77400,1
10:46:18,10.32,208,214656,1
10:46:15,10.3,22,22660,-1
10:46:12,10.31,20,20620,0
10:46:09,10.32,11,11352,1
10:46:03,10.29,100,102899,-1
10:46:00,10.29,75,77175,-1
10:45:57,10.29,32,32928,-1
10:45:54,10.3,43,44290,1
10:45:51,10.3,87,89610,1
10:45:45,10.29,9,9261,-1
10:45:42,10.28,154,158312,-1
10:45:39,10.29,75,77175,-1
10:45:36,10.29,4,4116,-1
10:45:33,10.29,46,47354,1
10:45:30,10.28,42,43176,-1
10:45:27,10.28,64,65792,-1
10:45:24,10.28,10,10280,-1
10:45:21,10.29,67,68943,1
10:45:18,10.29,37,38073,1
10:45:15,10.27,23,23621,-1
10:45:12,10.27,68,69836,-1
10:45:09,10.27,34,34918,-1
10:45:06,10.27,65,66755,1
10:45:03,10.26,551,565326,-1
10:45:00,10.26,23,23598,-1
10:44:57,10.26,10,10260,-1
10:44:54,10.27,15,15405,1
10:44:51,10.26,136,140531,1
10:44:48,10.26,131,134436,-1
10:44:45,10.27,40,41080,-1
10:44:42,10.27,250,257746,-1
10:44:39,10.27,118,121186,-1
10:44:36,10.27,493,506311,1
10:44:33,10.26,433,444258,-1
10:44:30,10.26,336,344736,-1
10:44:27,10.26,108,110808,-1
10:44:24,10.27,10,10270,1
10:44:21,10.27,188,193076,1
10:44:18,10.27,162,166374,-1
10:44:15,10.27,98,100646,-1
10:44:12,10.27,35,35945,-1
10:44:09,10.27,80,82160,-1
10:44:06,10.27,129,132483,1
10:44:03,10.26,191,195966,-1
10:44:00,10.27,422,433394,-1
10:43:57,10.27,656,673712,1
10:43:54,10.26,109,111834,-1
10:43:51,10.26,114,116964,-1
10:43:48,10.27,26,26702,1
10:43:45,10.26,178,182628,-1
10:43:42,10.27,50,51350,-1
10:43:39,10.27,106,108862,-1
10:43:36,10.27,32,32864,-1
10:43:33,10.28,188,193264,1
10:43:30,10.27,134,137618,-1
10:43:27,10.28,587,604443,-1
10:43:24,10.28,103,105884,-1
10:43:21,10.29,49,50420,1
10:43:18,10.29,136,139944,-1
10:43:15,10.29,26,26753,-1
10:43:12,10.29,215,221234,-1
10:43:09,10.29,66,67914,-1
10:43:06,10.29,69,71001,-1
10:43:03,10.29,115,118334,-1
10:43:00,10.3,230,236900,1
10:42:57,10.29,151,155379,-1
10:42:54,10.3,41,42230,1
10:42:51,10.3,15,15450,1
10:42:48,10.3,1048,1079440,-1
10:42:45,10.31,1403,1446493,1
10:42:42,10.3,166,170980,-1
10:42:39,10.3,80,82400,-1
10:42:36,10.31,71,73201,1
10:42:33,10.31,20,20620,1
10:42:30,10.31,145,149495,1
10:42:24,10.31,84,86604,1
10:42:21,10.31,144,148464,-1
10:42:18,10.31,61,62891,-1
10:42:12,10.31,2,2062,-1
10:42:09,10.31,50,51550,-1
10:42:06,10.31,29,29899,0
10:42:00,10.34,300,310200,1
10:41:54,10.31,2271,2341782,-1
10:41:48,10.33,100,103300,-1
10:41:45,10.34,75,77550,1
10:41:42,10.33,11,11363,-1
10:41:39,10.33,137,141521,-1
10:41:36,10.33,284,293372,1
10:41:33,10.32,32,33024,-1
10:41:30,10.33,216,223128,1
10:41:27,10.33,288,297504,1
10:41:24,10.33,512,528896,1
10:41:21,10.33,52,53716,1
10:41:18,10.33,49,50617,1
10:41:15,10.33,73,75409,1
10:41:12,10.34,547,565598,1
10:41:06,10.33,153,158049,-1
10:41:03,10.33,18,18594,-1
10:41:00,10.33,5,5165,-1
10:40:57,10.33,11,11363,-1
10:40:54,10.33,292,301636,-1
10:40:51,10.33,72,74376,-1
10:40:48,10.34,73,75482,1
10:40:45,10.34,77,79618,1
10:40:42,10.33,20,20660,-1
10:40:39,10.33,3,3099,-1
10:40:36,10.33,4,4132,-1
10:40:33,10.33,31,32911,-1
10:40:30,10.33,55,56815,-1
10:40:27,10.33,46,47518,-1
10:40:24,10.34,191,198290,1
10:40:21,10.32,13,13416,-1
10:40:18,10.34,70,72380,1
10:40:15,10.33,23,23759,1
10:40:12,10.33,109,112834,-1
10:40:09,10.34,71,73414,1
10:40:06,10.34,10,10340,1
10:40:03,10.33,74,76442,-1
10:40:00,10.33,53,54749,-1
10:39:57,10.33,224,231392,-1
10:39:54,10.34,202,208868,1
10:39:51,10.34,45,46530,1
10:39:48,10.33,90,92970,-1
10:39:45,10.34,15,15510,1
10:39:39,10.34,53,54802,1
10:39:33,10.34,14,14476,1
10:39:30,10.34,81,83754,-1
10:39:27,10.33,5,5165,-1
10:39:24,10.33,231,238623,-1
10:39:21,10.34,10,10340,-1
10:39:18,10.35,105,108675,1
10:39:15,10.34,154,159236,1
10:39:12,10.33,12,12396,-1
10:39:09,10.33,324,334692,-1
10:39:03,10.34,46,47564,1
10:39:00,10.33,59,60947,-1
10:38:57,10.34,38,39292,1
10:38:54,10.33,83,85739,-1
10:38:51,10.34,73,75482,1
10:38:48,10.33,51,52683,-1
10:38:45,10.33,143,148514,-1
10:38:42,10.33,29,29957,-1
10:38:36,10.34,38,39292,1
10:38:33,10.33,14,14462,-1
10:38:30,10.35,6,6210,1
10:38:27,10.33,71,73343,-1
10:38:24,10.33,37,38221,-1
10:38:21,10.33,35,36155,-1
10:38:18,10.34,168,173712,1
10:38:15,10.34,126,130284,1
10:38:12,10.34,173,178882,1
10:38:09,10.34,15,15510,1
10:38:06,10.33,30,30990,-1
10:38:03,10.34,36,37224,1
10:38:00,10.34,55,56870,1
10:37:57,10.34,47,48598,1
10:37:54,10.34,29,29986,1
10:37:51,10.34,329,340186,-1
10:37:48,10.34,14,14476,-1
10:37:45,10.35,215,222525,1
10:37:42,10.35,9,9315,1
10:37:39,10.34,503,520102,-1
10:37:33,10.35,72,74520,1
10:37:30,10.35,83,85905,1
10:37:27,10.34,14,14476,-1
10:37:24,10.34,6,6204,-1
10:37:21,10.35,63,65205,1
10:37:18,10.35,66,68310,1
10:37:15,10.34,11,11374,1
10:37:12,10.33,48,49584,-1
10:37:09,10.34,58,59972,-1
10:37:06,10.34,52,53768,1
10:37:03,10.33,107,110531,-1
10:37:00,10.33,45,46485,-1
10:36:54,10.34,17,17578,1
10:36:51,10.34,32,33088,1
10:36:48,10.34,123,127182,-1
10:36:45,10.35,12,12420,1
10:36:42,10.35,188,194580,1
10:36:39,10.35,54,55890,1
10:36:36,10.35,72,74520,1
10:36:33,10.35,100,103500,1
10:36:30,10.35,5,5175,1
10:36:27,10.35,93,96255,1
10:36:24,10.35,372,385020,1
10:36:21,10.35,148,153966,-1
10:36:18,10.37,277,287497,1
10:36:15,10.36,11,11396,1
10:36:12,10.36,102,105672,1
10:36:09,10.36,762,789432,-1
10:36:03,10.36,4,4144,-1
10:36:00,10.37,33,34221,1
10:35:57,10.36,68,70448,-1
10:35:54,10.36,5,5180,-1
10:35:51,10.36,721,746956,1
10:35:48,10.35,30,31050,-1
10:35:45,10.36,230,238280,1
10:35:42,10.34,40,41360,1
10:35:39,10.34,1,1034,1
10:35:36,10.34,161,166474,-1
10:35:30,10.36,505,523180,1
10:35:27,10.34,101,104434,-1
10:35:24,10.34,93,96162,-1
10:35:21,10.34,70,72380,1
10:35:18,10.34,89,92026,-1
10:35:15,10.34,32,33088,1
10:35:12,10.34,31,32054,1
10:35:09,10.34,10,10340,1
10:35:03,10.34,1,1034,1
10:35:00,10.33,57,58881,-1
10:34:57,10.34,56,57904,-1
10:34:54,10.34,29,29986,-1
10:34:45,10.33,1,1033,-1
10:34:42,10.33,25,25825,-1
10:34:39,10.34,23,23782,0
10:34:36,10.33,208,214864,-1
10:34:33,10.33,35,36155,-1
10:34:30,10.34,16,16544,1
10:34:24,10.33,26,26858,-1
10:34:21,10.33,34,35122,-1
10:34:18,10.35,37,38295,1
10:34:15,10.34,23,23782,1
10:34:12,10.32,67,69144,-1
10:34:09,10.32,59,60888,-1
10:34:06,10.32,36,37152,-1
10:34:03,10.32,84,86688,-1
10:34:00,10.32,110,113520,-1
10:33:57,10.32,130,134160,-1
10:33:54,10.32,212,218784,-1
10:33:51,10.32,22,22704,-1
10:33:48,10.32,15,15480,-1
10:33:45,10.33,38,39254,1
10:33:42,10.33,31,32023,1
10:33:39,10.33,20,20660,1
10:33:36,10.32,114,117648,-1
10:33:33,10.32,24,24768,-1
10:33:30,10.32,180,185760,-1
10:33:27,10.33,117,120861,1
10:33:24,10.31,480,494880,-1
10:33:18,10.33,1076,1111508,1
10:33:15,10.33,79,81607,0
10:33:12,10.32,527,543864,-1
10:33:09,10.34,132,136488,1
10:33:06,10.34,126,130284,1
10:33:03,10.33,58,59914,-1
10:33:00,10.34,133,137522,-1
10:32:57,10.35,54,55890,1
10:32:54,10.35,94,97290,1
10:32:51,10.34,65,67210,-1
10:32:48,10.34,62,64108,-1
10:32:45,10.35,95,98325,1
10:32:39,10.34,20,20680,-1
10:32:36,10.35,28,28980,1
10:32:33,10.34,25,25850,-1
10:32:30,10.34,187,193358,-1
10:32:27,10.34,51,52734,-1
10:32:24,10.35,23,23805,1
10:32:21,10.34,10,10340,1
10:32:18,10.34,83,85822,1
10:32:15,10.34,427,441518,-1
10:32:12,10.35,67,69345,1
10:32:09,10.34,542,560428,-1
10:32:06,10.34,27,27918,-1
10:32:03,10.34,109,112706,-1
10:32:00,10.34,65,67210,-1
10:31:57,10.34,191,197494,-1
10:31:54,10.34,544,562496,-1
10:31:51,10.34,78,80652,-1
10:31:48,10.34,378,390852,1
10:31:45,10.34,12,12408,1
10:31:42,10.34,211,218174,1
10:31:39,10.32,1327,1369464,-1
10:31:36,10.33,40,41320,-1
10:31:33,10.34,81,83754,1
10:31:30,10.33,250,258250,1
10:31:27,10.33,94,97102,-1
10:31:24,10.34,60,62040,1
10:31:21,10.34,449,464266,1
10:31:18,10.34,37,38258,1
10:31:15,10.34,24,24816,1
10:31:12,10.34,17,17578,1
10:31:09,10.34,684,707256,-1
10:31:06,10.35,30,31050,1
10:31:03,10.35,50,51750,1
10:31:00,10.34,102,105468,-1
10:30:57,10.35,115,119025,-1
10:30:54,10.35,49,50715,-1
10:30:51,10.35,5,5175,-1
10:30:48,10.35,11,11385,-1
10:30:45,10.36,62,64232,1
10:30:39,10.36,35,36260,1
10:30:36,10.36,45,46620,1
10:30:33,10.36,32,33152,-1
10:30:30,10.36,28,29008,-1
10:30:27,10.36,4,4144,0
10:30:24,10.35,52,53820,-1
10:30:21,10.35,182,188370,-1
10:30:18,10.36,123,127428,1
10:30:15,10.36,1,1036,1
10:30:12,10.36,40,41440,1
10:30:09,10.36,98,101528,1
10:30:06,10.36,93,96493,-1
10:30:03,10.36,317,328412,-1
10:30:00,10.37,4,4148,1
10:29:57,10.36,1,1036,-1
10:29:51,10.37,5,5185,0
10:29:48,10.38,289,299982,1
10:29:45,10.38,18,18684,1
10:29:42,10.38,10,10380,1
10:29:39,10.38,43,44634,1
10:29:36,10.37,48,49775,1
10:29:33,10.36,250,259000,-1
10:29:30,10.38,379,393402,-1
10:29:27,10.38,260,270336,1
10:29:24,10.38,290,301020,0
10:29:21,10.37,276,286212,-1
10:29:18,10.39,113,117407,1
10:29:15,10.38,214,222132,1
10:29:12,10.38,2,2076,1
10:29:09,10.37,118,122365,-1
10:29:06,10.38,419,434922,-1
10:29:03,10.38,91,94458,-1
10:29:00,10.39,26,27014,1
10:28:57,10.39,162,168318,1
10:28:54,10.39,315,327285,1
10:28:51,10.38,10,10380,-1
10:28:48,10.38,50,51900,-1
10:28:45,10.38,26,26988,-1
10:28:42,10.38,26,26988,-1
10:28:39,10.38,110,114180,-1
10:28:36,10.38,76,78888,-1
10:28:33,10.39,10,10390,1
10:28:30,10.38,178,184764,-1
10:28:27,10.38,22,22836,-1
10:28:24,10.38,27,28026,1
10:28:21,10.38,77,79926,-1
10:28:18,10.4,232,241280,1
10:28:15,10.39,444,461316,1
10:28:12,10.37,50,51849,-1
10:28:09,10.37,115,119254,-1
10:28:06,10.37,26,26961,-1
10:28:03,10.38,321,333198,1
10:28:00,10.35,402,416070,-1
10:27:57,10.37,33,34221,1
10:27:54,10.36,200,207200,-1
10:27:51,10.38,202,209676,1
10:27:48,10.36,368,381248,-1
10:27:45,10.37,177,183549,-1
10:27:42,10.38,290,301020,1
10:27:39,10.38,223,231474,1
10:27:36,10.37,117,121328,-1
10:27:33,10.38,37,38406,1
10:27:30,10.38,237,246006,-1
10:27:27,10.38,180,186840,-1
10:27:24,10.39,256,265984,1
10:27:21,10.38,330,342540,-1
10:27:18,10.39,497,516414,-1
10:27:15,10.4,480,499200,-1
10:27:12,10.4,539,561568,1
10:27:09,10.4,342,355680,1
10:27:06,10.4,106,110271,-1
10:27:03,10.4,130,136208,1
10:27:00,10.4,319,331760,1
10:26:57,10.39,1064,1105496,-1
10:26:54,10.4,281,292240,1
10:26:51,10.4,145,150800,1
10:26:48,10.39,71,73769,-1
10:26:45,10.39,157,163123,1
10:26:42,10.39,26,27014,1
10:26:39,10.39,260,270140,-1
10:26:36,10.4,44,45760,1
10:26:33,10.4,168,174720,-1
10:26:30,10.4,94,97760,-1
10:26:27,10.4,1,1040,-1
10:26:24,10.4,812,844480,1
10:26:21,10.38,14,14532,0
10:26:18,10.39,89,92471,1
10:26:15,10.38,195,202410,1
10:26:12,10.38,55,57090,1
10:26:09,10.38,90,93420,1
10:26:06,10.37,9,9333,-1
10:26:03,10.37,784,813007,1
10:26:00,10.37,57,59108,1
10:25:57,10.36,18,18648,-1
10:25:54,10.36,150,155400,-1
10:25:51,10.36,152,157907,1
10:25:48,10.35,40,41400,-1
10:25:45,10.35,70,72450,-1
10:25:42,10.35,12,12420,1
10:25:39,10.35,11,11385,1
10:25:36,10.34,68,70312,0
10:25:33,10.33,483,498939,-1
10:25:30,10.34,58,59972,-1
10:25:27,10.34,49,50666,1
10:25:24,10.34,68,70312,1
10:25:21,10.33,53,54749,-1
10:25:18,10.34,143,147862,-1
10:25:15,10.35,286,296010,1
10:25:12,10.34,363,375342,-1
10:25:09,10.35,10,10350,0
10:25:06,10.34,57,58938,-1
10:25:03,10.35,208,215280,1
10:25:00,10.35,116,120060,-1
10:24:57,10.36,65,67340,1
10:24:54,10.36,34,35224,0
10:24:51,10.34,1010,1044340,-1
10:24:48,10.37,22,22814,1
10:24:45,10.37,113,117180,1
10:24:42,10.36,217,224812,-1
10:24:39,10.36,58,60088,-1
10:24:36,10.36,120,124320,-1
10:24:33,10.37,2,2074,1
10:24:30,10.36,37,38332,1
10:24:27,10.35,145,150075,-1
10:24:24,10.36,366,379176,-1
10:24:21,10.37,53,54960,-1
10:24:18,10.38,86,89268,1
10:24:15,10.37,116,120291,0
10:24:12,10.36,427,442372,-1
10:24:09,10.39,67,69613,1
10:24:06,10.38,111,115218,-1
10:24:03,10.39,65,67535,1
10:24:00,10.39,174,180786,-1
10:23:57,10.39,261,271179,-1
10:23:54,10.4,92,95680,1
10:23:51,10.39,366,380274,-1
10:23:48,10.39,36,37404,-1
10:23:45,10.4,129,134160,1
10:23:42,10.4,20,20800,1
10:23:39,10.4,240,249600,1
10:23:36,10.4,1378,1433120,-1
10:23:33,10.43,501,522543,1
10:23:30,10.43,364,379652,1
10:23:27,10.42,391,407422,-1
10:23:24,10.42,174,181308,-1
10:23:21,10.43,37,38591,1
10:23:18,10.43,83,86569,1
10:23:15,10.42,75,78150,-1
10:23:12,10.43,361,377096,-1
10:23:09,10.45,1539,1608255,1
10:23:06,10.43,702,732186,-1
10:23:03,10.44,582,607608,1
10:23:00,10.44,342,357048,1
10:22:57,10.44,494,515736,1
10:22:54,10.44,1052,1098288,-1
10:22:51,10.45,276,288420,1
10:22:48,10.45,776,810920,1
10:22:45,10.46,817,854582,1
10:22:42,10.46,596,623416,1
10:22:39,10.46,457,478022,1
10:22:36,10.46,31,32426,1
10:22:33,10.45,589,615505,-1
10:22:30,10.46,185,193510,-1
10:22:27,10.46,424,443504,-1
10:22:24,10.46,2048,2142208,1
10:22:21,10.45,196,204820,-1
10:22:18,10.46,443,463378,1
10:22:15,10.45,374,390830,-1
10:22:12,10.46,994,1040518,1
10:22:09,10.45,510,532950,1
10:22:06,10.44,427,445788,-1
10:22:03,10.44,717,748548,-1
10:22:00,10.45,189,197505,1
10:21:57,10.44,396,413424,-1
10:21:54,10.44,849,886356,-1
10:21:51,10.44,1289,1345716,1
10:21:48,10.43,732,763476,-1
10:21:45,10.44,202,210888,1
10:21:42,10.44,50,52200,1
10:21:39,10.43,132,137676,-1
10:21:36,10.43,474,494382,-1
10:21:33,10.44,622,649837,1
10:21:30,10.43,106,110558,-1
10:21:27,10.43,943,983549,-1
10:21:24,10.44,344,359136,1
10:21:21,10.42,259,269878,-1
10:21:18,10.42,892,929464,-1
10:21:15,10.43,443,462049,1
10:21:12,10.42,76,79192,1
10:21:09,10.42,302,314684,-1
10:21:06,10.42,426,443892,-1
10:21:03,10.44,903,942732,1
10:21:00,10.43,767,799981,1
10:20:57,10.42,1649,1718258,-1
10:20:54,10.44,312,325728,1
10:20:51,10.43,345,359835,-1
10:20:48,10.44,716,747504,1
10:20:45,10.44,504,526447,-1
10:20:42,10.44,68,70992,-1
10:20:39,10.44,442,461448,-1
10:20:36,10.44,2621,2737096,1
10:20:33,10.42,199,207358,-1
10:20:30,10.43,221,230503,-1
10:20:27,10.43,848,884464,1
10:20:24,10.42,295,307390,-1
10:20:21,10.42,203,211526,-1
10:20:18,10.43,520,542360,1
10:20:15,10.42,529,551218,-1
10:20:12,10.42,286,298012,-1
10:20:09,10.42,369,384498,-1
10:20:06,10.42,811,845062,-1
10:20:03,10.42,101,105242,-1
10:20:00,10.43,423,441189,1
10:19:57,10.41,319,332079,-1
10:19:54,10.42,104,108368,0
10:19:51,10.43,215,224245,1
10:19:48,10.42,367,382414,-1
10:19:45,10.43,463,482909,1
10:19:42,10.42,1639,1708442,-1
10:19:39,10.43,216,225288,-1
10:19:36,10.43,572,596596,-1
10:19:33,10.43,1131,1180071,1
10:19:30,10.43,287,299341,1
10:19:27,10.42,236,245912,-1
10:19:24,10.43,442,461006,1
10:19:21,10.43,1363,1421609,1
10:19:18,10.41,304,316464,-1
10:19:15,10.43,841,877163,1
10:19:12,10.43,978,1020054,1
10:19:09,10.41,154,160314,-1
10:19:06,10.43,778,811454,1
10:19:03,10.43,962,1003366,1
10:19:00,10.43,817,852131,1
10:18:57,10.43,338,352534,-1
10:18:54,10.44,1390,1451160,1
10:18:51,10.44,400,417600,1
10:18:48,10.43,1067,1112881,-1
10:18:45,10.44,1886,1968984,-1
10:18:42,10.44,2280,2380320,1
10:18:39,10.43,1473,1536339,-1
10:18:36,10.44,460,480240,1
10:18:33,10.44,192,200448,1
10:18:30,10.42,828,862776,-1
10:18:27,10.43,284,296212,1
10:18:24,10.42,632,658544,1
10:18:21,10.42,1546,1610932,1
10:18:18,10.41,6907,7191061,1
10:18:15,10.4,694,721760,1
10:18:12,10.38,179,185802,-1
10:18:09,10.39,6053,6289067,1
10:18:06,10.37,308,320350,1
10:18:03,10.37,1907,1977558,1
10:18:00,10.37,674,698938,1
10:17:57,10.36,1196,1239056,1
10:17:54,10.36,957,991452,1
10:17:51,10.35,674,698014,1
10:17:48,10.35,417,431595,1
10:17:45,10.34,145,149930,-1
10:17:42,10.35,313,323955,1
10:17:39,10.34,83,85822,-1
10:17:36,10.34,425,439450,1
10:17:33,10.35,125,129375,1
10:17:30,10.35,331,342585,1
10:17:27,10.34,63,65142,-1
10:17:24,10.34,517,534578,0
10:17:21,10.35,143,148005,1
10:17:18,10.33,77,79541,-1
10:17:15,10.34,10,10340,1
10:17:12,10.34,432,446688,-1
10:17:09,10.34,18,18612,-1
10:17:06,10.34,112,115808,-1
10:17:03,10.34,104,107536,-1
10:17:00,10.34,216,223344,-1
10:16:57,10.33,50,51650,-1
10:16:54,10.34,38,39292,0
10:16:51,10.35,199,205965,1
10:16:48,10.34,430,444620,1
10:16:45,10.34,88,90992,1
10:16:42,10.34,303,313302,-1
10:16:39,10.35,45,46575,1
10:16:36,10.35,13,13455,1
10:16:33,10.35,5,5175,1
10:16:30,10.35,661,684724,-1
10:16:27,10.36,45,46620,1
10:16:24,10.35,43,44505,-1
10:16:21,10.35,93,96255,-1
10:16:18,10.35,117,121095,-1
10:16:15,10.35,668,691380,-1
10:16:12,10.35,759,786424,1
10:16:09,10.35,151,156285,1
10:16:06,10.35,171,176985,1
10:16:03,10.35,254,262890,1
10:16:00,10.35,260,269100,1
10:15:57,10.35,136,140760,1
10:15:54,10.35,103,106605,1
10:15:51,10.34,100,103400,-1
10:15:48,10.34,20,20680,-1
10:15:45,10.34,151,156134,-1
10:15:42,10.34,73,76102,1
10:15:39,10.33,28,28924,-1
10:15:36,10.33,374,386342,0
10:15:33,10.34,404,417736,1
10:15:30,10.32,65,67080,-1
10:15:27,10.33,712,735496,1
10:15:24,10.32,199,205368,-1
10:15:21,10.32,217,223944,-1
10:15:18,10.32,60,61920,1
10:15:15,10.31,211,217541,-1
10:15:12,10.32,164,169248,1
10:15:09,10.32,24,24768,1
10:15:06,10.32,180,185760,-1
10:15:03,10.32,94,97008,-1
10:15:00,10.32,12,12384,-1
10:14:57,10.32,36,38173,-1
10:14:54,10.33,44,45452,1
10:14:51,10.33,1484,1532972,-1
10:14:48,10.33,525,542325,-1
10:14:45,10.33,395,408035,-1
10:14:42,10.33,283,292339,-1
10:14:39,10.33,642,663186,-1
10:14:36,10.33,403,416299,-1
10:14:33,10.33,388,400804,-1
10:14:30,10.34,276,285384,1
10:14:27,10.34,42,43428,1
10:14:24,10.34,27,27918,0
10:14:21,10.35,1076,1113660,1
10:14:18,10.34,737,762058,1
10:14:15,10.34,93,96162,-1
10:14:12,10.34,65,67210,-1
10:14:09,10.34,195,201630,-1
10:14:06,10.35,42,43470,1
10:14:03,10.34,293,302962,-1
10:13:54,10.35,316,327546,-1
10:13:51,10.35,282,291870,-1
10:13:48,10.35,201,208035,-1
10:13:45,10.35,219,226665,-1
10:13:42,10.35,156,161460,-1
10:13:39,10.35,14,14490,-1
10:13:36,10.35,472,488520,-1
10:13:33,10.35,226,233910,-1
10:13:30,10.36,305,315980,1
10:13:27,10.36,125,129500,1
10:13:24,10.35,403,417105,-1
10:13:21,10.36,1531,1586116,1
10:13:18,10.36,736,762496,1
10:13:15,10.36,484,501424,-1
10:13:12,10.36,692,716912,-1
10:13:09,10.36,813,842268,-1
10:13:06,10.37,523,542351,1
10:13:03,10.36,570,590520,-1
10:13:00,10.36,217,224812,-1
10:12:57,10.37,195,202214,1
10:12:54,10.36,206,213416,-1
10:12:51,10.36,580,600880,-1
10:12:48,10.36,1257,1302252,1
10:12:45,10.36,186,192696,1
10:12:42,10.36,461,477596,1
10:12:39,10.35,247,255645,-1
10:12:36,10.35,556,575460,-1
10:12:33,10.37,165,171105,1
10:12:30,10.37,478,495685,1
10:12:27,10.36,312,323232,-1
10:12:24,10.36,266,275576,-1
10:12:21,10.37,1063,1102331,1
10:12:18,10.36,210,217560,-1
10:12:15,10.36,442,457912,-1
10:12:12,10.36,401,415436,-1
10:12:09,10.36,162,167832,-1
10:12:06,10.36,564,584304,-1
10:12:03,10.36,550,569800,1
10:12:00,10.35,580,600300,-1
10:11:57,10.35,568,588428,1
10:11:54,10.35,81,83835,1
10:11:51,10.35,713,738441,-1
10:11:48,10.36,775,802900,1
10:11:45,10.36,771,798756,1
10:11:42,10.35,59,61065,-1
10:11:39,10.35,47,49576,-1
10:11:36,10.35,10,10350,-1
10:11:33,10.35,1295,1340977,1
10:11:30,10.34,99,102366,1
10:11:27,10.33,98,101234,-1
10:11:24,10.34,12,12408,1
10:11:21,10.33,466,481378,-1
10:11:18,10.34,68,70312,-1
10:11:15,10.35,1103,1141605,1
10:11:12,10.34,104,107536,1
10:11:09,10.34,2756,2849704,-1
10:11:06,10.35,163,168705,1
10:11:03,10.34,131,135454,-1
10:11:00,10.35,129,133515,1
10:10:57,10.35,135,139725,1
10:10:54,10.35,246,254610,-1
10:10:51,10.35,814,842490,-1
10:10:48,10.35,181,187335,-1
10:10:45,10.36,257,266252,1
10:10:42,10.36,88,91168,1
10:10:39,10.35,314,324990,-1
10:10:36,10.35,161,166635,-1
10:10:33,10.36,168,174048,1
10:10:30,10.36,62,64232,1
10:10:27,10.36,81,83916,1
10:10:24,10.35,97,100477,-1
10:10:21,10.36,393,407148,-1
10:10:18,10.36,177,183372,-1
10:10:15,10.36,267,276612,-1
10:10:12,10.37,418,433465,1
10:10:09,10.36,112,116032,-1
10:10:06,10.37,127,131699,1
10:10:03,10.36,171,177156,-1
10:10:00,10.36,93,96348,-1
10:09:57,10.36,282,293105,1
10:09:54,10.36,423,438228,1
10:09:51,10.36,268,277648,1
10:09:48,10.36,191,197876,1
10:09:45,10.36,223,231028,1
10:09:42,10.35,121,125317,-1
10:09:39,10.36,425,441253,1
10:09:36,10.35,469,485497,-1
10:09:33,10.35,731,756585,-1
10:09:30,10.36,256,265216,1
10:09:27,10.36,149,154364,1
10:09:24,10.36,81,83916,1
10:09:21,10.35,665,688275,-1
10:09:18,10.37,326,338062,1
10:09:15,10.37,249,258212,1
10:09:12,10.37,249,258212,1
10:09:09,10.38,3305,3430590,1
10:09:06,10.37,1470,1524638,-1
10:09:03,10.37,1546,1603201,-1
10:09:00,10.39,571,593269,1
10:08:57,10.39,1003,1042117,1
10:08:54,10.38,631,654978,-1
10:08:51,10.39,359,373001,1
10:08:48,10.37,772,801352,-1
10:08:45,10.38,934,969492,1
10:08:42,10.37,72,74664,-1
10:08:39,10.38,601,623838,1
10:08:36,10.37,1448,1502540,1
10:08:33,10.35,297,307395,-1
10:08:30,10.36,927,960372,1
10:08:27,10.35,121,125235,-1
10:08:24,10.35,1620,1677724,1
10:08:21,10.34,387,400158,1
10:08:18,10.34,194,200596,1
10:08:15,10.34,101,104434,1
10:08:12,10.34,287,296758,1
10:08:09,10.33,683,705539,-1
10:08:06,10.33,511,527863,-1
10:08:03,10.33,3680,3801440,1
10:08:00,10.31,1515,1561965,-1
10:07:57,10.31,23,23713,-1
10:07:54,10.31,344,354664,-1
10:07:51,10.31,283,291773,1
10:07:48,10.3,80,82400,-1
10:07:45,10.31,1995,2057205,1
10:07:42,10.3,102,105060,1
10:07:39,10.29,460,473339,-1
10:07:36,10.3,696,716880,1
10:07:30,10.29,80,82320,-1
10:07:27,10.3,85,87550,1
10:07:24,10.29,428,440411,1
10:07:21,10.28,436,448208,-1
10:07:18,10.28,200,205620,-1
10:07:15,10.28,205,210740,-1
10:07:12,10.29,61,62768,1
10:07:09,10.28,23,23644,0
10:07:06,10.29,747,768662,1
10:07:00,10.28,8,8224,1
10:06:57,10.27,87,89349,-1
10:06:54,10.28,71,72988,-1
10:06:51,10.28,300,308400,-1
10:06:48,10.29,77,79233,1
10:06:45,10.29,54,55565,1
10:06:42,10.28,29,29811,-1
10:06:39,10.29,110,113189,-1
10:06:36,10.3,93,95790,1
10:06:33,10.3,32,32960,1
10:06:30,10.29,400,412268,-1
10:06:27,10.3,231,237930,-1
10:06:24,10.3,847,872410,-1
10:06:21,10.31,178,183878,1
10:06:18,10.3,48,49440,1
10:06:15,10.3,311,320330,1
10:06:12,10.3,71,73130,1
10:06:09,10.3,688,709309,-1
10:06:06,10.31,48,49488,0
10:06:03,10.32,252,260064,1
10:06:00,10.3,156,160680,-1
10:05:57,10.33,978,1010274,1
10:05:54,10.33,633,653889,1
10:05:51,10.33,107,110531,1
10:05:48,10.33,611,631163,1
10:05:45,10.33,366,378078,-1
10:05:42,10.35,690,714150,1
10:05:39,10.34,646,667964,1
10:05:36,10.34,56,57904,1
10:05:33,10.33,157,162181,-1
10:05:30,10.35,564,583740,1
10:05:27,10.34,17,17578,1
10:05:24,10.34,549,567666,1
10:05:21,10.34,956,988524,-1
10:05:18,10.35,228,235980,1
10:05:15,10.35,365,377775,1
10:05:12,10.34,756,781704,-1
10:05:09,10.34,455,470470,-1
10:05:06,10.34,3240,3351173,1
10:05:03,10.34,43,44462,1
10:05:00,10.34,119,123046,1
10:04:57,10.34,118,122012,1
10:04:54,10.33,126,130158,-1
10:04:51,10.34,78,80652,-1
10:04:48,10.34,527,544918,1
10:04:45,10.33,119,122927,1
10:04:42,10.32,306,315792,-1
10:04:39,10.33,404,418334,1
10:04:36,10.31,792,816552,1
10:04:33,10.3,183,188490,-1
10:04:30,10.3,96,98880,-1
10:04:27,10.3,1295,1334241,1
10:04:24,10.29,33,33957,1
10:04:21,10.29,246,253133,1
10:04:18,10.28,106,108968,-1
10:04:15,10.28,81,83268,-1
10:04:12,10.28,152,156256,-1
10:04:09,10.28,129,132612,1
10:04:06,10.28,161,165508,1
10:04:03,10.27,12,12324,-1
10:04:00,10.27,124,127348,-1
10:03:57,10.28,24,24672,1
10:03:54,10.27,338,347126,1
10:03:51,10.26,227,232902,1
10:03:48,10.26,569,583794,1
10:03:45,10.26,243,249318,1
10:03:42,10.26,88,90288,1
10:03:39,10.29,973,1001216,1
10:03:36,10.26,38,38988,1
10:03:33,10.26,40,41040,1
10:03:30,10.26,68,69768,-1
10:03:27,10.26,261,267786,-1
10:03:24,10.26,153,156978,-1
10:03:21,10.26,227,232902,-1
10:03:18,10.27,124,127348,1
10:03:15,10.26,50,51300,-1
10:03:12,10.26,152,155952,1
10:03:09,10.25,33,33825,-1
10:03:06,10.26,104,106704,0
