timestamp,timestamp1,id,securityId,order,price,volume,direction,orderType,turnover
2018-08-29T09:29:22.712,1535506162712,59129216,coin_binance_BTC-USDT,,7075.82,0.173951,1,,1230.8459648199998
2018-08-29T09:29:22.731,1535506162731,59129217,coin_binance_BTC-USDT,,7075.67,0.096211,-1,,680.7572863700001
2018-08-29T09:29:24.539,1535506164539,59129218,coin_binance_BTC-USDT,,7075.66,0.015034,-1,,106.37547244
2018-08-29T09:29:24.554,1535506164554,59129219,coin_binance_BTC-USDT,,7075.66,9e-06,-1,,0.06368094
2018-08-29T09:29:24.554,1535506164554,59129220,coin_binance_BTC-USDT,,7073.94,0.015022,-1,,106.26472668
2018-08-29T09:29:24.862,1535506164862,59129221,coin_binance_BTC-USDT,,7074.8,0.037572,1,,265.81438560000004
2018-08-29T09:29:24.876,1535506164876,59129222,coin_binance_BTC-USDT,,7075.67,0.00733,1,,51.8646611
2018-08-29T09:29:24.938,1535506164938,59129223,coin_binance_BTC-USDT,,7075.67,0.0364,-1,,257.554388
2018-08-29T09:29:24.946,1535506164946,59129224,coin_binance_BTC-USDT,,7075.67,0.05981,-1,,423.1958227
2018-08-29T09:29:24.946,1535506164946,59129225,coin_binance_BTC-USDT,,7073.94,0.014142,-1,,100.03965948
2018-08-29T09:29:25.740,1535506165740,59129226,coin_binance_BTC-USDT,,7075.97,0.006,1,,42.45582
2018-08-29T09:29:26.545,1535506166545,59129227,coin_binance_BTC-USDT,,7073.96,0.023484,-1,,166.12487664000002
2018-08-29T09:29:27.325,1535506167325,59129228,coin_binance_BTC-USDT,,7075.97,0.164337,1,,1162.8436818900002
2018-08-29T09:29:27.325,1535506167325,59129229,coin_binance_BTC-USDT,,7075.98,0.029179,1,,206.47002042
2018-08-29T09:29:28.920,1535506168920,59129230,coin_binance_BTC-USDT,,7075.97,0.023484,1,,166.17207948
2018-08-29T09:29:29.094,1535506169094,59129231,coin_binance_BTC-USDT,,7075.97,0.038149,-1,,269.94117953
2018-08-29T09:29:29.669,1535506169669,59129232,coin_binance_BTC-USDT,,7075.97,0.002782,-1,,19.685348540000003
2018-08-29T09:29:29.687,1535506169687,59129233,coin_binance_BTC-USDT,,7075.98,0.312894,1,,2214.03168612
2018-08-29T09:29:29.920,1535506169920,59129234,coin_binance_BTC-USDT,,7075.98,0.0001,1,,0.707598
2018-08-29T09:29:31.162,1535506171162,59129235,coin_binance_BTC-USDT,,7075.98,0.384348,1,,2719.63876104
2018-08-29T09:29:31.188,1535506171188,59129236,coin_binance_BTC-USDT,,7075.98,0.273479,1,,1935.13193442
2018-08-29T09:29:31.188,1535506171188,59129237,coin_binance_BTC-USDT,,7076.0,0.140794,1,,996.258344
2018-08-29T09:29:31.213,1535506171213,59129238,coin_binance_BTC-USDT,,7076.0,0.529508,1,,3746.798608
2018-08-29T09:29:32.410,1535506172410,59129239,coin_binance_BTC-USDT,,7075.98,0.032724,-1,,231.55436952
2018-08-29T09:29:36.642,1535506176642,59129240,coin_binance_BTC-USDT,,7076.01,0.002787,-1,,19.72083987
2018-08-29T09:29:37.942,1535506177942,59129241,coin_binance_BTC-USDT,,7078.07,0.032724,1,,231.62276268000002
2018-08-29T09:29:37.942,1535506177942,59129242,coin_binance_BTC-USDT,,7078.08,0.213119,1,,1508.47333152
2018-08-29T09:29:40.350,1535506180350,59129243,coin_binance_BTC-USDT,,7076.06,0.021526,-1,,152.31926756000001
2018-08-29T09:29:40.462,1535506180462,59129244,coin_binance_BTC-USDT,,7076.06,0.084206,-1,,595.8467083600001
2018-08-29T09:29:45.569,1535506185569,59129245,coin_binance_BTC-USDT,,7076.1,0.176583,-1,,1249.5189663
2018-08-29T09:29:48.473,1535506188473,59129246,coin_binance_BTC-USDT,,7076.12,0.044842,-1,,317.30737304
2018-08-29T09:29:48.601,1535506188601,59129247,coin_binance_BTC-USDT,,7076.12,0.130159,-1,,921.02070308
2018-08-29T09:29:54.966,1535506194966,59129248,coin_binance_BTC-USDT,,7076.16,0.176604,-1,,1249.67816064
2018-08-29T09:29:55.330,1535506195330,59129249,coin_binance_BTC-USDT,,7076.14,0.0001,1,,0.7076140000000001
2018-08-29T09:29:55.517,1535506195517,59129250,coin_binance_BTC-USDT,,7075.97,0.212767,-1,,1505.5329089900001
2018-08-29T09:29:55.517,1535506195517,59129251,coin_binance_BTC-USDT,,7073.92,1.0,-1,,7073.92
2018-08-29T09:29:55.546,1535506195546,59129252,coin_binance_BTC-USDT,,7073.92,0.026018,1,,184.04925056
2018-08-29T09:29:59.097,1535506199097,59129253,coin_binance_BTC-USDT,,7073.84,0.01918,-1,,135.6762512
2018-08-29T09:29:59.427,1535506199427,59129254,coin_binance_BTC-USDT,,7073.84,0.002085,-1,,14.7489564
2018-08-29T09:30:00.244,1535506200244,59129255,coin_binance_BTC-USDT,,7073.84,0.029104,-1,,205.87703936000003
2018-08-29T09:30:00.284,1535506200284,59129256,coin_binance_BTC-USDT,,7073.84,0.033962,-1,,240.24175408
2018-08-29T09:30:00.299,1535506200299,59129257,coin_binance_BTC-USDT,,7073.84,0.092319,-1,,653.04983496
2018-08-29T09:30:00.299,1535506200299,59129258,coin_binance_BTC-USDT,,7073.8,0.034068,-1,,240.9902184
2018-08-29T09:30:00.631,1535506200631,59129259,coin_binance_BTC-USDT,,7076.09,0.0001,1,,0.707609
2018-08-29T09:30:00.936,1535506200936,59129260,coin_binance_BTC-USDT,,7073.81,0.043032,-1,,304.40019192
2018-08-29T09:30:00.938,1535506200938,59129261,coin_binance_BTC-USDT,,7076.09,5e-05,1,,0.3538045
2018-08-29T09:30:01.307,1535506201307,59129262,coin_binance_BTC-USDT,,7074.95,0.068335,1,,483.46670825
2018-08-29T09:30:01.319,1535506201319,59129263,coin_binance_BTC-USDT,,7073.81,0.084084,-1,,594.7942400400001
2018-08-29T09:30:01.356,1535506201356,59129264,coin_binance_BTC-USDT,,7073.81,0.001865,1,,13.19265565
2018-08-29T09:30:04.005,1535506204005,59129265,coin_binance_BTC-USDT,,7074.95,0.247325,1,,1749.81200875
2018-08-29T09:30:04.021,1535506204021,59129266,coin_binance_BTC-USDT,,7073.81,0.114448,-1,,809.58340688
2018-08-29T09:30:04.042,1535506204042,59129267,coin_binance_BTC-USDT,,7073.81,0.110411,-1,,781.02643591
2018-08-29T09:30:04.588,1535506204588,59129268,coin_binance_BTC-USDT,,7073.8,0.01,-1,,70.738
2018-08-29T09:30:04.695,1535506204695,59129269,coin_binance_BTC-USDT,,7073.8,0.001415,-1,,10.009427
2018-08-29T09:30:05.885,1535506205885,59129270,coin_binance_BTC-USDT,,7076.09,0.0025,1,,17.690225
2018-08-29T09:30:05.973,1535506205973,59129271,coin_binance_BTC-USDT,,7076.09,0.018876,1,,133.56827484000002
2018-08-29T09:30:05.973,1535506205973,59129272,coin_binance_BTC-USDT,,7076.14,0.003984,1,,28.19134176
2018-08-29T09:30:06.546,1535506206546,59129273,coin_binance_BTC-USDT,,7076.13,0.0001,1,,0.707613
2018-08-29T09:30:06.895,1535506206895,59129274,coin_binance_BTC-USDT,,7074.97,0.248092,1,,1755.2434572400002
2018-08-29T09:30:06.906,1535506206906,59129275,coin_binance_BTC-USDT,,7073.81,0.213873,-1,,1512.8969661300002
2018-08-29T09:30:07.852,1535506207852,59129276,coin_binance_BTC-USDT,,7074.9,0.622748,1,,4405.8798252
2018-08-29T09:30:07.873,1535506207873,59129277,coin_binance_BTC-USDT,,7073.81,0.172827,-1,,1222.5453608700002
2018-08-29T09:30:07.892,1535506207892,59129278,coin_binance_BTC-USDT,,7073.81,0.210386,-1,,1488.23059066
2018-08-29T09:30:08.500,1535506208500,59129279,coin_binance_BTC-USDT,,7073.8,0.064611,-1,,457.04529180000003
2018-08-29T09:30:09.042,1535506209042,59129280,coin_binance_BTC-USDT,,7073.8,0.1976,-1,,1397.78288
2018-08-29T09:30:09.519,1535506209519,59129281,coin_binance_BTC-USDT,,7073.8,0.004144,-1,,29.313827200000002
2018-08-29T09:30:09.523,1535506209523,59129282,coin_binance_BTC-USDT,,7073.92,0.073298,1,,518.50418816
2018-08-29T09:30:10.856,1535506210856,59129283,coin_binance_BTC-USDT,,7073.92,0.081318,1,,575.23702656
2018-08-29T09:30:10.885,1535506210885,59129284,coin_binance_BTC-USDT,,7073.92,0.027093,1,,191.65371456
2018-08-29T09:30:11.396,1535506211396,59129285,coin_binance_BTC-USDT,,7073.92,0.0001,1,,0.707392
2018-08-29T09:30:11.498,1535506211498,59129286,coin_binance_BTC-USDT,,7073.92,0.006,1,,42.44352
2018-08-29T09:30:12.134,1535506212134,59129287,coin_binance_BTC-USDT,,7073.8,0.001703,-1,,12.0466814
2018-08-29T09:30:13.182,1535506213182,59129288,coin_binance_BTC-USDT,,7073.86,0.363205,1,,2569.2613213
2018-08-29T09:30:13.196,1535506213196,59129289,coin_binance_BTC-USDT,,7073.81,0.07803,-1,,551.9693943000001
2018-08-29T09:30:13.215,1535506213215,59129290,coin_binance_BTC-USDT,,7073.81,0.218797,-1,,1547.72840657
2018-08-29T09:30:13.480,1535506213480,59129291,coin_binance_BTC-USDT,,7073.92,0.53426,1,,3779.3124992
2018-08-29T09:30:15.219,1535506215219,59129292,coin_binance_BTC-USDT,,7073.86,0.51337,1,,3631.5075082
2018-08-29T09:30:15.231,1535506215231,59129293,coin_binance_BTC-USDT,,7073.81,0.026568,-1,,187.93698408000003
2018-08-29T09:30:15.258,1535506215258,59129294,coin_binance_BTC-USDT,,7073.81,0.207003,-1,,1464.2998914300001
2018-08-29T09:30:15.651,1535506215651,59129295,coin_binance_BTC-USDT,,7073.92,0.008356,1,,59.10967552
2018-08-29T09:30:15.760,1535506215760,59129296,coin_binance_BTC-USDT,,7073.8,0.00282,-1,,19.948116000000002
2018-08-29T09:30:16.066,1535506216066,59129297,coin_binance_BTC-USDT,,7073.8,0.297422,-1,,2103.9037436000003
2018-08-29T09:30:16.592,1535506216592,59129298,coin_binance_BTC-USDT,,7073.8,0.0001,1,,0.70738
2018-08-29T09:30:19.141,1535506219141,59129299,coin_binance_BTC-USDT,,7073.62,0.462973,1,,3274.8950722600002
2018-08-29T09:30:19.150,1535506219150,59129300,coin_binance_BTC-USDT,,7073.45,0.107343,-1,,759.28534335
2018-08-29T09:30:19.168,1535506219168,59129301,coin_binance_BTC-USDT,,7073.8,0.006,1,,42.442800000000005
2018-08-29T09:30:19.173,1535506219173,59129302,coin_binance_BTC-USDT,,7073.45,0.007387,-1,,52.25157515
2018-08-29T09:30:19.176,1535506219176,59129303,coin_binance_BTC-USDT,,7073.45,0.192172,-1,,1359.3190334
2018-08-29T09:30:20.736,1535506220736,59129304,coin_binance_BTC-USDT,,7073.45,0.007386,1,,52.2445017
2018-08-29T09:30:20.736,1535506220736,59129305,coin_binance_BTC-USDT,,7073.8,0.238071,1,,1684.0666398
2018-08-29T09:30:20.736,1535506220736,59129306,coin_binance_BTC-USDT,,7073.81,0.031033,1,,219.52154573
2018-08-29T09:30:21.941,1535506221941,59129307,coin_binance_BTC-USDT,,7073.63,0.060766,1,,429.83620058
2018-08-29T09:30:21.954,1535506221954,59129308,coin_binance_BTC-USDT,,7073.45,0.051497,-1,,364.26145465
2018-08-29T09:30:22.031,1535506222031,59129309,coin_binance_BTC-USDT,,7073.81,0.0001,1,,0.707381
2018-08-29T09:30:23.459,1535506223459,59129310,coin_binance_BTC-USDT,,7073.81,0.004,1,,28.295240000000003
2018-08-29T09:30:24.843,1535506224843,59129311,coin_binance_BTC-USDT,,7073.81,0.007385,1,,52.240086850000004
2018-08-29T09:30:24.858,1535506224858,59129312,coin_binance_BTC-USDT,,7073.63,0.258624,1,,1829.4104851200002
2018-08-29T09:30:24.872,1535506224872,59129313,coin_binance_BTC-USDT,,7073.45,0.167938,-1,,1187.9010461
2018-08-29T09:30:27.569,1535506227569,59129314,coin_binance_BTC-USDT,,7073.81,0.2,1,,1414.7620000000002
2018-08-29T09:30:27.932,1535506227932,59129315,coin_binance_BTC-USDT,,7073.81,0.024993,1,,176.79573333000002
2018-08-29T09:30:28.306,1535506228306,59129316,coin_binance_BTC-USDT,,7073.81,0.024993,1,,176.79573333000002
2018-08-29T09:30:28.385,1535506228385,59129317,coin_binance_BTC-USDT,,7073.63,0.044143,1,,312.25124909000004
2018-08-29T09:30:28.393,1535506228393,59129318,coin_binance_BTC-USDT,,7073.45,0.026213,-1,,185.41634485
2018-08-29T09:30:28.409,1535506228409,59129319,coin_binance_BTC-USDT,,7073.45,0.031531,-1,,223.03295195
2018-08-29T09:30:28.539,1535506228539,59129320,coin_binance_BTC-USDT,,7073.81,0.006,1,,42.44286
2018-08-29T09:30:31.171,1535506231171,59129321,coin_binance_BTC-USDT,,7073.81,0.0376,1,,265.975256
2018-08-29T09:30:32.529,1535506232529,59129322,coin_binance_BTC-USDT,,7073.81,0.007,1,,49.516670000000005
2018-08-29T09:30:32.649,1535506232649,59129323,coin_binance_BTC-USDT,,7073.81,0.008,1,,56.59048000000001
2018-08-29T09:30:32.940,1535506232940,59129324,coin_binance_BTC-USDT,,7073.63,0.131139,1,,927.62876457
2018-08-29T09:30:32.956,1535506232956,59129325,coin_binance_BTC-USDT,,7073.45,0.013714,-1,,97.0052933
2018-08-29T09:30:32.978,1535506232978,59129326,coin_binance_BTC-USDT,,7073.45,0.092352,-1,,653.2472544
2018-08-29T09:30:33.215,1535506233215,59129327,coin_binance_BTC-USDT,,7073.44,0.001415,-1,,10.0089176
2018-08-29T09:30:33.506,1535506233506,59129328,coin_binance_BTC-USDT,,7073.01,0.0001,1,,0.7073010000000001
2018-08-29T09:30:34.115,1535506234115,59129329,coin_binance_BTC-USDT,,7073.01,0.106811,1,,755.47527111
2018-08-29T09:30:34.165,1535506234165,59129330,coin_binance_BTC-USDT,,7072.56,0.218979,1,,1548.74211624
2018-08-29T09:30:34.178,1535506234178,59129331,coin_binance_BTC-USDT,,7072.11,0.133525,-1,,944.30348775
2018-08-29T09:30:34.539,1535506234539,59129332,coin_binance_BTC-USDT,,7073.01,0.35,1,,2475.5535
2018-08-29T09:30:35.048,1535506235048,59129333,coin_binance_BTC-USDT,,7073.01,0.106811,1,,755.47527111
2018-08-29T09:30:35.408,1535506235408,59129334,coin_binance_BTC-USDT,,7073.01,0.002816,1,,19.91759616
2018-08-29T09:30:35.575,1535506235575,59129335,coin_binance_BTC-USDT,,7073.01,0.004,1,,28.29204
2018-08-29T09:30:36.538,1535506236538,59129336,coin_binance_BTC-USDT,,7073.01,0.043714,1,,309.18955914000003
2018-08-29T09:30:37.166,1535506237166,59129337,coin_binance_BTC-USDT,,7072.56,0.100538,1,,711.06103728
2018-08-29T09:30:37.179,1535506237179,59129338,coin_binance_BTC-USDT,,7072.12,0.044096,-1,,311.85220352000005
2018-08-29T09:30:37.706,1535506237706,59129339,coin_binance_BTC-USDT,,7073.01,0.066751,1,,472.1304905100001
2018-08-29T09:30:38.384,1535506238384,59129340,coin_binance_BTC-USDT,,7073.01,0.006,1,,42.43806
2018-08-29T09:30:38.982,1535506238982,59129341,coin_binance_BTC-USDT,,7072.12,0.004506,-1,,31.866972719999996
2018-08-29T09:30:39.621,1535506239621,59129342,coin_binance_BTC-USDT,,7072.56,0.091878,1,,649.81266768
2018-08-29T09:30:39.640,1535506239640,59129343,coin_binance_BTC-USDT,,7072.12,0.087373,-1,,617.91234076
2018-08-29T09:30:41.019,1535506241019,59129344,coin_binance_BTC-USDT,,7072.11,0.244049,-1,,1725.9413733899999
2018-08-29T09:30:41.019,1535506241019,59129345,coin_binance_BTC-USDT,,7072.1,1.269973,-1,,8981.3760533
2018-08-29T09:30:41.511,1535506241511,59129346,coin_binance_BTC-USDT,,7073.01,0.032485,1,,229.76672985000002
2018-08-29T09:30:41.543,1535506241543,59129347,coin_binance_BTC-USDT,,7073.01,0.025579,1,,180.92052279
2018-08-29T09:30:41.543,1535506241543,59129348,coin_binance_BTC-USDT,,7073.33,0.0342,1,,241.90788600000002
2018-08-29T09:30:41.832,1535506241832,59129349,coin_binance_BTC-USDT,,7073.33,0.0001,1,,0.707333
2018-08-29T09:30:42.871,1535506242871,59129350,coin_binance_BTC-USDT,,7072.72,0.007323,1,,51.79352856
2018-08-29T09:30:42.879,1535506242879,59129351,coin_binance_BTC-USDT,,7072.11,0.005385,-1,,38.08331235
2018-08-29T09:30:45.294,1535506245294,59129352,coin_binance_BTC-USDT,,7073.33,0.008,1,,56.58664
2018-08-29T09:30:45.714,1535506245714,59129353,coin_binance_BTC-USDT,,7073.33,0.096993,1,,686.06349669
2018-08-29T09:30:45.958,1535506245958,59129354,coin_binance_BTC-USDT,,7072.11,0.006119,-1,,43.27424109
2018-08-29T09:30:45.971,1535506245971,59129355,coin_binance_BTC-USDT,,7072.11,0.001415,-1,,10.007035649999999
2018-08-29T09:30:47.413,1535506247413,59129356,coin_binance_BTC-USDT,,7073.33,0.131632,1,,931.07657456
2018-08-29T09:30:47.503,1535506247503,59129357,coin_binance_BTC-USDT,,7072.1,0.015003,-1,,106.10271630000001
2018-08-29T09:30:48.205,1535506248205,59129358,coin_binance_BTC-USDT,,7073.0,0.0001,1,,0.7073
2018-08-29T09:30:50.172,1535506250172,59129359,coin_binance_BTC-USDT,,7073.0,0.006,1,,42.438
2018-08-29T09:30:50.746,1535506250746,59129360,coin_binance_BTC-USDT,,7072.11,0.058234,-1,,411.83725374
2018-08-29T09:30:50.746,1535506250746,59129361,coin_binance_BTC-USDT,,7072.1,0.086597,-1,,612.4226437
2018-08-29T09:30:50.926,1535506250926,59129362,coin_binance_BTC-USDT,,7072.1,0.03397,-1,,240.239237
2018-08-29T09:30:50.965,1535506250965,59129363,coin_binance_BTC-USDT,,7072.1,0.062843,-1,,444.4319803
2018-08-29T09:30:50.965,1535506250965,59129364,coin_binance_BTC-USDT,,7070.92,0.009258,-1,,65.46257736000001
2018-08-29T09:30:51.223,1535506251223,59129365,coin_binance_BTC-USDT,,7072.1,0.01583,1,,111.95134300000001
2018-08-29T09:30:51.521,1535506251521,59129366,coin_binance_BTC-USDT,,7072.1,0.003407,1,,24.0946447
2018-08-29T09:30:51.645,1535506251645,59129367,coin_binance_BTC-USDT,,7072.1,0.041441,1,,293.0748961
2018-08-29T09:30:51.943,1535506251943,59129368,coin_binance_BTC-USDT,,7072.1,0.001991,1,,14.080551100000001
2018-08-29T09:30:52.310,1535506252310,59129369,coin_binance_BTC-USDT,,7072.1,0.120731,1,,853.8217051
2018-08-29T09:30:52.373,1535506252373,59129370,coin_binance_BTC-USDT,,7073.0,0.001415,1,,10.008295
2018-08-29T09:30:52.592,1535506252592,59129371,coin_binance_BTC-USDT,,7073.0,0.044128,1,,312.117344
2018-08-29T09:30:52.630,1535506252630,59129372,coin_binance_BTC-USDT,,7073.0,0.061338,1,,433.84367399999996
2018-08-29T09:30:53.123,1535506253123,59129373,coin_binance_BTC-USDT,,7073.0,0.011306,1,,79.967338
2018-08-29T09:30:53.478,1535506253478,59129374,coin_binance_BTC-USDT,,7072.32,0.178985,1,,1265.8391952
2018-08-29T09:30:53.494,1535506253494,59129375,coin_binance_BTC-USDT,,7071.64,0.001845,-1,,13.047175800000002
2018-08-29T09:30:53.516,1535506253516,59129376,coin_binance_BTC-USDT,,7071.64,0.065323,-1,,461.94073972000007
2018-08-29T09:30:54.950,1535506254950,59129377,coin_binance_BTC-USDT,,7073.0,0.259714,1,,1836.957122
2018-08-29T09:30:55.122,1535506255122,59129378,coin_binance_BTC-USDT,,7073.0,0.002,1,,14.146
2018-08-29T09:30:55.762,1535506255762,59129379,coin_binance_BTC-USDT,,7071.63,0.010703,-1,,75.68765589
2018-08-29T09:30:56.447,1535506256447,59129380,coin_binance_BTC-USDT,,7071.64,0.088009,-1,,622.3679647600001
2018-08-29T09:30:56.478,1535506256478,59129381,coin_binance_BTC-USDT,,7071.64,5e-06,-1,,0.035358200000000006
2018-08-29T09:30:56.478,1535506256478,59129382,coin_binance_BTC-USDT,,7071.63,0.011313,-1,,80.00135019
2018-08-29T09:30:56.710,1535506256710,59129383,coin_binance_BTC-USDT,,7072.99,0.0001,1,,0.707299
2018-08-29T09:30:56.865,1535506256865,59129384,coin_binance_BTC-USDT,,7072.99,0.156058,1,,1103.79667342
2018-08-29T09:30:56.878,1535506256878,59129385,coin_binance_BTC-USDT,,7071.63,0.020357,-1,,143.95717191
2018-08-29T09:30:57.016,1535506257016,59129386,coin_binance_BTC-USDT,,7072.99,0.031625,1,,223.68330875
2018-08-29T09:30:57.372,1535506257372,59129387,coin_binance_BTC-USDT,,7071.64,0.003304,1,,23.36469856
2018-08-29T09:30:57.915,1535506257915,59129388,coin_binance_BTC-USDT,,7071.64,0.013096,1,,92.61019744000001
2018-08-29T09:30:57.915,1535506257915,59129389,coin_binance_BTC-USDT,,7073.0,0.31223,1,,2208.40279
2018-08-29T09:30:57.915,1535506257915,59129390,coin_binance_BTC-USDT,,7073.33,0.057585,1,,407.31770804999996
2018-08-29T09:30:58.433,1535506258433,59129391,coin_binance_BTC-USDT,,7070.92,0.00445,-1,,31.465594
2018-08-29T09:30:58.670,1535506258670,59129392,coin_binance_BTC-USDT,,7073.32,0.0041,1,,29.000612
2018-08-29T09:30:59.233,1535506259233,59129393,coin_binance_BTC-USDT,,7073.31,0.382889,1,,2708.29259259
2018-08-29T09:30:59.409,1535506259409,59129394,coin_binance_BTC-USDT,,7070.93,0.003277,-1,,23.17143761
2018-08-29T09:31:00.141,1535506260141,59129395,coin_binance_BTC-USDT,,7073.3,0.059606,1,,421.6111198
2018-08-29T09:31:01.095,1535506261095,59129396,coin_binance_BTC-USDT,,7073.29,0.191447,1,,1354.16015063
2018-08-29T09:31:01.684,1535506261684,59129397,coin_binance_BTC-USDT,,7073.28,0.006,1,,42.43968
2018-08-29T09:31:01.702,1535506261702,59129398,coin_binance_BTC-USDT,,7073.28,0.0001,1,,0.707328
2018-08-29T09:31:02.971,1535506262971,59129399,coin_binance_BTC-USDT,,7073.27,4.5e-05,1,,0.31829715000000003
2018-08-29T09:31:04.007,1535506264007,59129400,coin_binance_BTC-USDT,,7073.27,0.01669,1,,118.05287630000001
2018-08-29T09:31:04.014,1535506264014,59129401,coin_binance_BTC-USDT,,7070.97,0.020093,-1,,142.07700021
2018-08-29T09:31:06.707,1535506266707,59129402,coin_binance_BTC-USDT,,7073.27,0.0001,1,,0.707327
2018-08-29T09:31:08.246,1535506268246,59129403,coin_binance_BTC-USDT,,7072.99,0.012,1,,84.87588
2018-08-29T09:31:10.166,1535506270166,59129404,coin_binance_BTC-USDT,,7072.99,0.002456,1,,17.37126344
2018-08-29T09:31:10.749,1535506270749,59129405,coin_binance_BTC-USDT,,7072.99,0.002694,1,,19.054635060000003
2018-08-29T09:31:10.926,1535506270926,59129406,coin_binance_BTC-USDT,,7071.03,0.003185,-1,,22.52123055
2018-08-29T09:31:11.292,1535506271292,59129407,coin_binance_BTC-USDT,,7072.99,0.0001,1,,0.707299
2018-08-29T09:31:11.727,1535506271727,59129408,coin_binance_BTC-USDT,,7071.03,0.080184,-1,,566.98346952
2018-08-29T09:31:13.059,1535506273059,59129409,coin_binance_BTC-USDT,,7072.99,1e-06,1,,0.0070729899999999995
2018-08-29T09:31:14.157,1535506274157,59129410,coin_binance_BTC-USDT,,7072.99,0.017828,1,,126.09726572
2018-08-29T09:31:14.175,1535506274175,59129411,coin_binance_BTC-USDT,,7072.99,0.006452,1,,45.63493148
2018-08-29T09:31:17.992,1535506277992,59129412,coin_binance_BTC-USDT,,7071.1,0.01,-1,,70.711
2018-08-29T09:31:20.981,1535506280981,59129413,coin_binance_BTC-USDT,,7072.97,0.007912,1,,55.96133864000001
2018-08-29T09:31:21.371,1535506281371,59129414,coin_binance_BTC-USDT,,7071.12,0.1062,-1,,750.952944
2018-08-29T09:31:21.407,1535506281407,59129415,coin_binance_BTC-USDT,,7071.12,0.002238,-1,,15.82516656
2018-08-29T09:31:21.408,1535506281408,59129416,coin_binance_BTC-USDT,,7071.12,0.002302,-1,,16.27771824
2018-08-29T09:31:22.250,1535506282250,59129417,coin_binance_BTC-USDT,,7071.13,0.097541,-1,,689.72509133
2018-08-29T09:31:22.250,1535506282250,59129418,coin_binance_BTC-USDT,,7071.12,0.065988,-1,,466.60906656000003
2018-08-29T09:31:23.480,1535506283480,59129419,coin_binance_BTC-USDT,,7071.06,0.022242,-1,,157.27451652000002
2018-08-29T09:31:24.644,1535506284644,59129420,coin_binance_BTC-USDT,,7071.1,0.0743,1,,525.38273
2018-08-29T09:31:27.107,1535506287107,59129421,coin_binance_BTC-USDT,,7071.08,0.110217,1,,779.35322436
2018-08-29T09:31:27.123,1535506287123,59129422,coin_binance_BTC-USDT,,7071.07,0.050557,-1,,357.49208598999996
2018-08-29T09:31:28.804,1535506288804,59129423,coin_binance_BTC-USDT,,7071.06,0.011278,-1,,79.74741468
2018-08-29T09:31:28.804,1535506288804,59129424,coin_binance_BTC-USDT,,7070.92,0.028722,-1,,203.09096424
2018-08-29T09:31:29.487,1535506289487,59129425,coin_binance_BTC-USDT,,7070.93,0.027153,-1,,191.99696229
2018-08-29T09:31:29.884,1535506289884,59129426,coin_binance_BTC-USDT,,7070.93,0.004597,-1,,32.505065210000005
2018-08-29T09:31:30.024,1535506290024,59129427,coin_binance_BTC-USDT,,7071.0,0.235859,1,,1667.7589890000002
2018-08-29T09:31:30.035,1535506290035,59129428,coin_binance_BTC-USDT,,7070.93,0.032329,-1,,228.59609597
2018-08-29T09:31:30.047,1535506290047,59129429,coin_binance_BTC-USDT,,7070.93,0.068192,-1,,482.18085856000005
2018-08-29T09:31:30.275,1535506290275,59129430,coin_binance_BTC-USDT,,7071.07,0.00467,1,,33.021896899999994
2018-08-29T09:31:31.300,1535506291300,59129431,coin_binance_BTC-USDT,,7070.92,0.051593,-1,,364.80997556
2018-08-29T09:31:31.773,1535506291773,59129432,coin_binance_BTC-USDT,,7070.38,0.068047,-1,,481.11814785999997
2018-08-29T09:31:33.551,1535506293551,59129433,coin_binance_BTC-USDT,,7070.92,0.006,1,,42.42552
2018-08-29T09:31:34.882,1535506294882,59129434,coin_binance_BTC-USDT,,7070.65,0.027628,1,,195.34791819999998
2018-08-29T09:31:34.897,1535506294897,59129435,coin_binance_BTC-USDT,,7070.39,0.079214,-1,,560.0738734600001
2018-08-29T09:31:34.916,1535506294916,59129436,coin_binance_BTC-USDT,,7070.39,0.027085,-1,,191.50151315000002
2018-08-29T09:31:35.686,1535506295686,59129437,coin_binance_BTC-USDT,,7070.38,0.098995,-1,,699.9322681
2018-08-29T09:31:37.483,1535506297483,59129438,coin_binance_BTC-USDT,,7070.39,0.08517,-1,,602.1851163
2018-08-29T09:31:37.483,1535506297483,59129439,coin_binance_BTC-USDT,,7070.38,0.017834,-1,,126.09315692
2018-08-29T09:31:37.525,1535506297525,59129440,coin_binance_BTC-USDT,,7068.02,0.010728,-1,,75.82571856
2018-08-29T09:31:37.667,1535506297667,59129441,coin_binance_BTC-USDT,,7070.37,0.06698,1,,473.5733826
2018-08-29T09:31:38.411,1535506298411,59129442,coin_binance_BTC-USDT,,7068.74,0.059989,-1,,424.04664386
2018-08-29T09:31:38.620,1535506298620,59129443,coin_binance_BTC-USDT,,7070.37,0.057205,1,,404.46051585
2018-08-29T09:31:40.476,1535506300476,59129444,coin_binance_BTC-USDT,,7070.37,0.024135,1,,170.64337995
2018-08-29T09:31:43.117,1535506303117,59129445,coin_binance_BTC-USDT,,7068.79,0.14544,-1,,1028.0848176000002
2018-08-29T09:31:44.261,1535506304261,59129446,coin_binance_BTC-USDT,,7068.81,0.040581,-1,,286.85937861
2018-08-29T09:31:44.814,1535506304814,59129447,coin_binance_BTC-USDT,,7068.81,0.136213,-1,,962.86381653
2018-08-29T09:31:44.814,1535506304814,59129448,coin_binance_BTC-USDT,,7068.02,0.008747,-1,,61.82397094
2018-08-29T09:31:45.551,1535506305551,59129449,coin_binance_BTC-USDT,,7068.03,0.035,-1,,247.38105000000002
2018-08-29T09:31:46.787,1535506306787,59129450,coin_binance_BTC-USDT,,7068.05,0.025095,-1,,177.37271475
2018-08-29T09:31:46.958,1535506306958,59129451,coin_binance_BTC-USDT,,7068.05,0.151699,-1,,1072.21611695
2018-08-29T09:31:46.958,1535506306958,59129452,coin_binance_BTC-USDT,,7068.04,0.066656,-1,,471.12727424
2018-08-29T09:31:46.958,1535506306958,59129453,coin_binance_BTC-USDT,,7068.02,0.327523,-1,,2314.9391144600004
2018-08-29T09:31:48.192,1535506308192,59129454,coin_binance_BTC-USDT,,7070.37,0.002429,1,,17.17392873
2018-08-29T09:31:48.426,1535506308426,59129455,coin_binance_BTC-USDT,,7070.36,0.001992,1,,14.084157119999999
2018-08-29T09:31:49.010,1535506309010,59129456,coin_binance_BTC-USDT,,7068.77,0.110195,1,,778.94311015
2018-08-29T09:31:49.111,1535506309111,59129457,coin_binance_BTC-USDT,,7068.77,0.011313,1,,79.96899501
2018-08-29T09:31:49.298,1535506309298,59129458,coin_binance_BTC-USDT,,7068.77,0.008927,1,,63.10290979
2018-08-29T09:31:49.488,1535506309488,59129459,coin_binance_BTC-USDT,,7068.77,0.008927,1,,63.10290979
2018-08-29T09:31:49.645,1535506309645,59129460,coin_binance_BTC-USDT,,7068.77,0.003035,1,,21.45371695
2018-08-29T09:31:50.090,1535506310090,59129461,coin_binance_BTC-USDT,,7068.77,0.017828,1,,126.02203156
2018-08-29T09:31:50.810,1535506310810,59129462,coin_binance_BTC-USDT,,7068.77,0.013671,1,,96.63715467000002
2018-08-29T09:31:51.058,1535506311058,59129463,coin_binance_BTC-USDT,,7068.4,0.120049,1,,848.5543516
2018-08-29T09:31:51.075,1535506311075,59129464,coin_binance_BTC-USDT,,7068.03,0.075981,-1,,537.03598743
2018-08-29T09:31:51.205,1535506311205,59129465,coin_binance_BTC-USDT,,7068.77,0.001507,1,,10.652636390000001
2018-08-29T09:31:51.441,1535506311441,59129466,coin_binance_BTC-USDT,,7068.77,0.008927,1,,63.10290979
2018-08-29T09:31:51.523,1535506311523,59129467,coin_binance_BTC-USDT,,7068.77,0.0298,1,,210.649346
2018-08-29T09:31:51.799,1535506311799,59129468,coin_binance_BTC-USDT,,7068.77,0.008927,1,,63.10290979
2018-08-29T09:31:52.087,1535506312087,59129469,coin_binance_BTC-USDT,,7068.77,0.112869,1,,797.84500113
2018-08-29T09:31:52.105,1535506312105,59129470,coin_binance_BTC-USDT,,7068.77,0.001549,1,,10.94952473
2018-08-29T09:31:52.571,1535506312571,59129471,coin_binance_BTC-USDT,,7068.77,0.001992,1,,14.080989839999999
2018-08-29T09:31:53.093,1535506313093,59129472,coin_binance_BTC-USDT,,7068.77,0.00515,1,,36.404165500000005
2018-08-29T09:31:53.361,1535506313361,59129473,coin_binance_BTC-USDT,,7068.4,0.007842,1,,55.4303928
2018-08-29T09:31:53.378,1535506313378,59129474,coin_binance_BTC-USDT,,7068.03,0.089807,-1,,634.75857021
2018-08-29T09:31:53.408,1535506313408,59129475,coin_binance_BTC-USDT,,7068.03,0.004506,-1,,31.848543179999997
2018-08-29T09:31:53.460,1535506313460,59129476,coin_binance_BTC-USDT,,7068.77,0.041864,1,,295.92698728
2018-08-29T09:31:54.084,1535506314084,59129477,coin_binance_BTC-USDT,,7068.77,0.003453,1,,24.40846281
2018-08-29T09:31:54.095,1535506314095,59129478,coin_binance_BTC-USDT,,7068.77,0.013814,1,,97.64798878
2018-08-29T09:31:54.095,1535506314095,59129479,coin_binance_BTC-USDT,,7070.0,0.003428,1,,24.235960000000002
2018-08-29T09:31:54.152,1535506314152,59129480,coin_binance_BTC-USDT,,7070.0,0.013777,1,,97.40339
2018-08-29T09:31:54.235,1535506314235,59129481,coin_binance_BTC-USDT,,7069.99,0.105318,1,,744.59720682
2018-08-29T09:31:55.251,1535506315251,59129482,coin_binance_BTC-USDT,,7069.99,0.052659,1,,372.29860341
2018-08-29T09:31:55.424,1535506315424,59129483,coin_binance_BTC-USDT,,7069.99,0.007168,1,,50.677688319999994
2018-08-29T09:31:55.480,1535506315480,59129484,coin_binance_BTC-USDT,,7069.99,0.017828,1,,126.04378172
2018-08-29T09:31:55.661,1535506315661,59129485,coin_binance_BTC-USDT,,7069.99,0.001786,1,,12.62700214
2018-08-29T09:31:56.248,1535506316248,59129486,coin_binance_BTC-USDT,,7069.99,0.017828,1,,126.04378172
2018-08-29T09:31:58.301,1535506318301,59129487,coin_binance_BTC-USDT,,7069.02,0.027359,1,,193.40131818000003
2018-08-29T09:31:58.318,1535506318318,59129488,coin_binance_BTC-USDT,,7068.06,0.028656,-1,,202.54232736000003
2018-08-29T09:31:58.337,1535506318337,59129489,coin_binance_BTC-USDT,,7068.06,0.014101,-1,,99.66671406
2018-08-29T09:31:58.404,1535506318404,59129490,coin_binance_BTC-USDT,,7069.99,0.008926,1,,63.106730739999996
2018-08-29T09:31:58.623,1535506318623,59129491,coin_binance_BTC-USDT,,7069.99,0.008926,1,,63.106730739999996
2018-08-29T09:31:58.658,1535506318658,59129492,coin_binance_BTC-USDT,,7069.99,0.016651,1,,117.72240348999999
2018-08-29T09:31:59.503,1535506319503,59129493,coin_binance_BTC-USDT,,7069.99,0.008926,1,,63.106730739999996
2018-08-29T09:32:00.235,1535506320235,59129494,coin_binance_BTC-USDT,,7069.99,0.013321,1,,94.17933679
2018-08-29T09:32:01.004,1535506321004,59129495,coin_binance_BTC-USDT,,7069.99,0.034873,1,,246.55176127000001
2018-08-29T09:32:01.080,1535506321080,59129496,coin_binance_BTC-USDT,,7068.05,0.011697,-1,,82.67498085000001
2018-08-29T09:32:01.193,1535506321193,59129497,coin_binance_BTC-USDT,,7069.99,0.382893,1,,2707.0496810699997
2018-08-29T09:32:01.426,1535506321426,59129498,coin_binance_BTC-USDT,,7069.99,0.041947,1,,296.56487052999995
2018-08-29T09:32:01.978,1535506321978,59129499,coin_binance_BTC-USDT,,7069.99,0.010657,1,,75.34488343
2018-08-29T09:32:02.731,1535506322731,59129500,coin_binance_BTC-USDT,,7069.99,0.040259,1,,284.63072741
2018-08-29T09:32:03.516,1535506323516,59129501,coin_binance_BTC-USDT,,7069.99,0.028861,1,,204.04698139
2018-08-29T09:32:03.992,1535506323992,59129502,coin_binance_BTC-USDT,,7069.99,0.011309,1,,79.95451691
2018-08-29T09:32:04.279,1535506324279,59129503,coin_binance_BTC-USDT,,7069.99,0.015367,1,,108.64453633
2018-08-29T09:32:04.329,1535506324329,59129504,coin_binance_BTC-USDT,,7070.0,0.0025,1,,17.675
2018-08-29T09:32:04.459,1535506324459,59129505,coin_binance_BTC-USDT,,7069.99,0.005633,-1,,39.82525367
2018-08-29T09:32:04.750,1535506324750,59129506,coin_binance_BTC-USDT,,7069.98,0.002339,1,,16.536683219999997
2018-08-29T09:32:05.952,1535506325952,59129507,coin_binance_BTC-USDT,,7068.07,0.047388,-1,,334.94170116
2018-08-29T09:32:06.213,1535506326213,59129508,coin_binance_BTC-USDT,,7069.98,0.001871,1,,13.22793258
2018-08-29T09:32:07.903,1535506327903,59129509,coin_binance_BTC-USDT,,7069.98,0.001497,1,,10.58376006
2018-08-29T09:32:08.226,1535506328226,59129510,coin_binance_BTC-USDT,,7069.98,0.00599,1,,42.34918019999999
2018-08-29T09:32:08.226,1535506328226,59129511,coin_binance_BTC-USDT,,7069.99,0.241433,1,,1706.92889567
2018-08-29T09:32:08.850,1535506328850,59129512,coin_binance_BTC-USDT,,7069.98,0.001591,1,,11.24833818
2018-08-29T09:32:08.995,1535506328995,59129513,coin_binance_BTC-USDT,,7069.98,0.011309,1,,79.95440382
2018-08-29T09:32:09.356,1535506329356,59129514,coin_binance_BTC-USDT,,7069.98,0.00689,1,,48.7121622
2018-08-29T09:32:09.646,1535506329646,59129515,coin_binance_BTC-USDT,,7069.98,0.005519,1,,39.019219619999994
2018-08-29T09:32:10.258,1535506330258,59129516,coin_binance_BTC-USDT,,7069.98,0.004409,1,,31.171541819999995
2018-08-29T09:32:10.306,1535506330306,59129517,coin_binance_BTC-USDT,,7069.98,0.01767,1,,124.92654660000001
2018-08-29T09:32:10.306,1535506330306,59129518,coin_binance_BTC-USDT,,7069.99,0.365223,1,,2582.12295777
2018-08-29T09:32:11.171,1535506331171,59129519,coin_binance_BTC-USDT,,7069.99,0.230904,1,,1632.48897096
2018-08-29T09:32:11.269,1535506331269,59129520,coin_binance_BTC-USDT,,7069.99,0.006281,1,,44.40660719
2018-08-29T09:32:12.207,1535506332207,59129521,coin_binance_BTC-USDT,,7069.99,0.115452,1,,816.24448548
2018-08-29T09:32:12.497,1535506332497,59129522,coin_binance_BTC-USDT,,7068.11,0.004993,-1,,35.29107323
2018-08-29T09:32:12.979,1535506332979,59129523,coin_binance_BTC-USDT,,7069.98,0.004993,1,,35.30041014
2018-08-29T09:32:12.979,1535506332979,59129524,coin_binance_BTC-USDT,,7069.99,0.005115,1,,36.162998849999994
2018-08-29T09:32:13.136,1535506333136,59129525,coin_binance_BTC-USDT,,7069.99,0.005025,1,,35.52669975
2018-08-29T09:32:13.173,1535506333173,59129526,coin_binance_BTC-USDT,,7069.99,0.382906,1,,2707.1415909400002
2018-08-29T09:32:14.073,1535506334073,59129527,coin_binance_BTC-USDT,,7069.98,0.011127,1,,78.66766745999999
2018-08-29T09:32:14.073,1535506334073,59129528,coin_binance_BTC-USDT,,7069.99,0.371779,1,,2628.4738122100002
2018-08-29T09:32:14.872,1535506334872,59129529,coin_binance_BTC-USDT,,7069.99,0.082592,1,,583.92461408
2018-08-29T09:32:14.893,1535506334893,59129530,coin_binance_BTC-USDT,,7069.99,0.054107,1,,382.53594893
2018-08-29T09:32:14.896,1535506334896,59129531,coin_binance_BTC-USDT,,7069.99,0.103399,1,,731.02989601
2018-08-29T09:32:14.918,1535506334918,59129532,coin_binance_BTC-USDT,,7069.99,0.359585,1,,2542.2623541499997
2018-08-29T09:32:14.943,1535506334943,59129533,coin_binance_BTC-USDT,,7069.99,0.160837,1,,1137.11598163
2018-08-29T09:32:15.242,1535506335242,59129534,coin_binance_BTC-USDT,,7069.99,0.190789,1,,1348.8763221099998
2018-08-29T09:32:15.970,1535506335970,59129535,coin_binance_BTC-USDT,,7069.99,0.011309,1,,79.95451691
2018-08-29T09:32:16.017,1535506336017,59129536,coin_binance_BTC-USDT,,7069.99,0.003575,1,,25.27521425
2018-08-29T09:32:16.327,1535506336327,59129537,coin_binance_BTC-USDT,,7069.99,0.015581,1,,110.15751418999999
2018-08-29T09:32:18.038,1535506338038,59129538,coin_binance_BTC-USDT,,7069.99,0.008926,1,,63.106730739999996
2018-08-29T09:32:18.245,1535506338245,59129539,coin_binance_BTC-USDT,,7069.99,0.019,1,,134.32980999999998
2018-08-29T09:32:18.301,1535506338301,59129540,coin_binance_BTC-USDT,,7069.98,0.002225,-1,,15.7307055
2018-08-29T09:32:18.301,1535506338301,59129541,coin_binance_BTC-USDT,,7069.28,0.001683,-1,,11.89759824
2018-08-29T09:32:18.301,1535506338301,59129542,coin_binance_BTC-USDT,,7068.13,0.025085,-1,,177.30404105
2018-08-29T09:32:18.553,1535506338553,59129543,coin_binance_BTC-USDT,,7069.99,0.006779,1,,47.92746221
2018-08-29T09:32:18.849,1535506338849,59129544,coin_binance_BTC-USDT,,7069.99,0.00286,1,,20.2201714
2018-08-29T09:32:18.959,1535506338959,59129545,coin_binance_BTC-USDT,,7069.99,0.008926,1,,63.106730739999996
2018-08-29T09:32:19.027,1535506339027,59129546,coin_binance_BTC-USDT,,7069.99,0.036858,1,,260.58569142
2018-08-29T09:32:19.076,1535506339076,59129547,coin_binance_BTC-USDT,,7069.99,0.008926,1,,63.106730739999996
2018-08-29T09:32:19.420,1535506339420,59129548,coin_binance_BTC-USDT,,7069.28,0.130427,-1,,922.0249825599999
2018-08-29T09:32:19.840,1535506339840,59129549,coin_binance_BTC-USDT,,7069.28,0.018962,-1,,134.04768736
2018-08-29T09:32:20.375,1535506340375,59129550,coin_binance_BTC-USDT,,7069.99,0.008926,1,,63.106730739999996
2018-08-29T09:32:20.437,1535506340437,59129551,coin_binance_BTC-USDT,,7069.29,0.063529,-1,,449.10492441
2018-08-29T09:32:20.437,1535506340437,59129552,coin_binance_BTC-USDT,,7069.28,0.065295,-1,,461.5886376
2018-08-29T09:32:20.930,1535506340930,59129553,coin_binance_BTC-USDT,,7069.98,0.005109,1,,36.12052782
2018-08-29T09:32:21.051,1535506341051,59129554,coin_binance_BTC-USDT,,7069.98,0.014391,1,,101.74408217999999
2018-08-29T09:32:21.373,1535506341373,59129555,coin_binance_BTC-USDT,,7069.98,0.027,1,,190.88945999999999
2018-08-29T09:32:22.233,1535506342233,59129556,coin_binance_BTC-USDT,,7069.98,0.005109,1,,36.12052782
2018-08-29T09:32:22.405,1535506342405,59129557,coin_binance_BTC-USDT,,7069.28,0.011658,-1,,82.41366624
2018-08-29T09:32:22.422,1535506342422,59129558,coin_binance_BTC-USDT,,7069.28,2.8e-05,-1,,0.19793983999999998
2018-08-29T09:32:22.422,1535506342422,59129559,coin_binance_BTC-USDT,,7068.13,0.015049,-1,,106.36828837
2018-08-29T09:32:24.984,1535506344984,59129560,coin_binance_BTC-USDT,,7069.97,0.013244,1,,93.63468268000001
2018-08-29T09:32:25.212,1535506345212,59129561,coin_binance_BTC-USDT,,7069.97,0.019,1,,134.32943
2018-08-29T09:32:25.355,1535506345355,59129562,coin_binance_BTC-USDT,,7069.97,0.007889,1,,55.77499333
2018-08-29T09:32:25.507,1535506345507,59129563,coin_binance_BTC-USDT,,7068.15,0.176804,-1,,1249.6771926
2018-08-29T09:32:25.507,1535506345507,59129564,coin_binance_BTC-USDT,,7068.02,0.94292,-1,,6664.5774184
2018-08-29T09:32:28.970,1535506348970,59129565,coin_binance_BTC-USDT,,7069.01,0.189513,1,,1339.66929213
2018-08-29T09:32:28.978,1535506348978,59129566,coin_binance_BTC-USDT,,7068.06,0.073455,-1,,519.1843473000001
2018-08-29T09:32:30.965,1535506350965,59129567,coin_binance_BTC-USDT,,7069.28,0.020966,1,,148.21452448
2018-08-29T09:32:31.048,1535506351048,59129568,coin_binance_BTC-USDT,,7069.01,0.008927,-1,,63.105052269999995
2018-08-29T09:32:31.048,1535506351048,59129569,coin_binance_BTC-USDT,,7068.43,0.008717,-1,,61.615504310000006
2018-08-29T09:32:31.080,1535506351080,59129570,coin_binance_BTC-USDT,,7068.13,0.019932,1,,140.88196716
2018-08-29T09:32:31.101,1535506351101,59129571,coin_binance_BTC-USDT,,7068.13,0.008,1,,56.54504
2018-08-29T09:32:31.115,1535506351115,59129572,coin_binance_BTC-USDT,,7068.13,0.011314,1,,79.96882282
2018-08-29T09:32:31.132,1535506351132,59129573,coin_binance_BTC-USDT,,7068.13,0.019,1,,134.29447
2018-08-29T09:32:31.282,1535506351282,59129574,coin_binance_BTC-USDT,,7068.13,0.017828,1,,126.01062164
2018-08-29T09:32:32.102,1535506352102,59129575,coin_binance_BTC-USDT,,7068.13,0.026379,1,,186.45020127
2018-08-29T09:32:32.123,1535506352123,59129576,coin_binance_BTC-USDT,,7068.13,0.26905,1,,1901.6803765000002
2018-08-29T09:32:32.258,1535506352258,59129577,coin_binance_BTC-USDT,,7069.28,0.063432,1,,448.41856896
2018-08-29T09:32:32.418,1535506352418,59129578,coin_binance_BTC-USDT,,7069.28,0.423859,1,,2996.37795152
2018-08-29T09:32:32.830,1535506352830,59129579,coin_binance_BTC-USDT,,7069.28,0.003075,1,,21.738036
2018-08-29T09:32:33.343,1535506353343,59129580,coin_binance_BTC-USDT,,7069.28,0.006,1,,42.41568
2018-08-29T09:32:33.482,1535506353482,59129581,coin_binance_BTC-USDT,,7069.28,0.066304,1,,468.72154112
2018-08-29T09:32:34.614,1535506354614,59129582,coin_binance_BTC-USDT,,7068.14,0.059094,-1,,417.68466516
2018-08-29T09:32:34.614,1535506354614,59129583,coin_binance_BTC-USDT,,7068.13,0.026379,-1,,186.45020127
2018-08-29T09:32:34.614,1535506354614,59129584,coin_binance_BTC-USDT,,7068.07,0.176804,-1,,1249.6630482799999
2018-08-29T09:32:34.614,1535506354614,59129585,coin_binance_BTC-USDT,,7068.01,0.730492,-1,,5163.12476092
2018-08-29T09:32:34.710,1535506354710,59129586,coin_binance_BTC-USDT,,7068.01,0.011314,1,,79.96746514
2018-08-29T09:32:34.723,1535506354723,59129587,coin_binance_BTC-USDT,,7068.01,0.017506,1,,123.73258306000001
2018-08-29T09:32:35.487,1535506355487,59129588,coin_binance_BTC-USDT,,7068.01,0.098124,1,,693.54141324
2018-08-29T09:32:35.581,1535506355581,59129589,coin_binance_BTC-USDT,,7068.01,1.2e-05,1,,0.08481612000000001
2018-08-29T09:32:35.581,1535506355581,59129590,coin_binance_BTC-USDT,,7069.28,0.011988,1,,84.74652864
2018-08-29T09:32:36.455,1535506356455,59129591,coin_binance_BTC-USDT,,7069.27,0.020544,1,,145.23108288
2018-08-29T09:32:36.493,1535506356493,59129592,coin_binance_BTC-USDT,,7068.43,0.004862,-1,,34.36670666
2018-08-29T09:32:37.412,1535506357412,59129593,coin_binance_BTC-USDT,,7068.43,0.002823,-1,,19.95417789
2018-08-29T09:32:38.411,1535506358411,59129594,coin_binance_BTC-USDT,,7068.44,0.016073,-1,,113.61103612
2018-08-29T09:32:38.649,1535506358649,59129595,coin_binance_BTC-USDT,,7069.27,0.008926,1,,63.10030402
2018-08-29T09:32:38.702,1535506358702,59129596,coin_binance_BTC-USDT,,7069.27,0.086,1,,607.95722
2018-08-29T09:32:38.938,1535506358938,59129597,coin_binance_BTC-USDT,,7068.85,0.062478,1,,441.6476103
2018-08-29T09:32:38.951,1535506358951,59129598,coin_binance_BTC-USDT,,7068.44,0.014554,-1,,102.87407575999998
2018-08-29T09:32:39.834,1535506359834,59129599,coin_binance_BTC-USDT,,7069.27,0.008926,1,,63.10030402
2018-08-29T09:32:40.567,1535506360567,59129600,coin_binance_BTC-USDT,,7069.27,0.008926,1,,63.10030402
2018-08-29T09:32:40.655,1535506360655,59129601,coin_binance_BTC-USDT,,7068.44,0.014905,-1,,105.35509819999999
2018-08-29T09:32:41.071,1535506361071,59129602,coin_binance_BTC-USDT,,7068.44,0.082229,-1,,581.23075276
2018-08-29T09:32:41.071,1535506361071,59129603,coin_binance_BTC-USDT,,7068.43,0.000459,-1,,3.24440937
2018-08-29T09:32:41.114,1535506361114,59129604,coin_binance_BTC-USDT,,7068.43,0.0019,1,,13.430017000000001
2018-08-29T09:32:41.142,1535506361142,59129605,coin_binance_BTC-USDT,,7069.27,0.064,1,,452.43328
2018-08-29T09:32:41.357,1535506361357,59129606,coin_binance_BTC-USDT,,7069.27,0.008926,1,,63.10030402
2018-08-29T09:32:42.066,1535506362066,59129607,coin_binance_BTC-USDT,,7068.0,0.008477,-1,,59.915436
2018-08-29T09:32:42.418,1535506362418,59129608,coin_binance_BTC-USDT,,7068.0,0.00253,-1,,17.88204
2018-08-29T09:32:42.609,1535506362609,59129609,coin_binance_BTC-USDT,,7069.27,0.22944,1,,1621.9733088
2018-08-29T09:32:42.832,1535506362832,59129610,coin_binance_BTC-USDT,,7068.0,0.002827,-1,,19.981236
2018-08-29T09:32:43.214,1535506363214,59129611,coin_binance_BTC-USDT,,7068.0,0.012402,-1,,87.657336
2018-08-29T09:32:43.389,1535506363389,59129612,coin_binance_BTC-USDT,,7069.27,0.019,1,,134.31613000000002
2018-08-29T09:32:44.255,1535506364255,59129613,coin_binance_BTC-USDT,,7068.01,0.325714,-1,,2302.14980914
2018-08-29T09:32:44.255,1535506364255,59129614,coin_binance_BTC-USDT,,7068.0,2.4e-05,-1,,0.169632
2018-08-29T09:32:44.255,1535506364255,59129615,coin_binance_BTC-USDT,,7067.32,0.016015,-1,,113.1831298
2018-08-29T09:32:44.398,1535506364398,59129616,coin_binance_BTC-USDT,,7067.33,0.006548,-1,,46.27687684
2018-08-29T09:32:45.790,1535506365790,59129617,coin_binance_BTC-USDT,,7067.33,0.003621,-1,,25.59080193
2018-08-29T09:32:45.847,1535506365847,59129618,coin_binance_BTC-USDT,,7069.26,0.039,1,,275.70114
2018-08-29T09:32:47.693,1535506367693,59129619,coin_binance_BTC-USDT,,7068.99,0.016054,1,,113.48556545999999
2018-08-29T09:32:48.097,1535506368097,59129620,coin_binance_BTC-USDT,,7068.99,0.041,1,,289.82859
2018-08-29T09:32:48.361,1535506368361,59129621,coin_binance_BTC-USDT,,7068.99,0.021862,1,,154.54225938
2018-08-29T09:32:48.698,1535506368698,59129622,coin_binance_BTC-USDT,,7067.37,0.176828,-1,,1249.7089023600001
2018-08-29T09:32:48.698,1535506368698,59129623,coin_binance_BTC-USDT,,7067.36,0.148275,-1,,1047.9128039999998
2018-08-29T09:32:48.754,1535506368754,59129624,coin_binance_BTC-USDT,,7067.34,0.022161,1,,156.61932174
2018-08-29T09:32:48.908,1535506368908,59129625,coin_binance_BTC-USDT,,7068.99,0.008927,1,,63.104873729999994
2018-08-29T09:32:49.141,1535506369141,59129626,coin_binance_BTC-USDT,,7068.99,0.012681,1,,89.64186219
2018-08-29T09:32:49.269,1535506369269,59129627,coin_binance_BTC-USDT,,7068.99,0.008927,1,,63.104873729999994
2018-08-29T09:32:51.374,1535506371374,59129628,coin_binance_BTC-USDT,,7067.35,0.030938,-1,,218.64967430000002
2018-08-29T09:32:51.731,1535506371731,59129629,coin_binance_BTC-USDT,,7067.35,0.008395,-1,,59.33040325
2018-08-29T09:32:51.775,1535506371775,59129630,coin_binance_BTC-USDT,,7068.99,0.035365,1,,249.99483135
2018-08-29T09:32:52.795,1535506372795,59129631,coin_binance_BTC-USDT,,7068.99,0.143784,1,,1016.40765816
2018-08-29T09:32:53.276,1535506373276,59129632,coin_binance_BTC-USDT,,7068.99,0.020676,1,,146.15843723999998
2018-08-29T09:32:53.301,1535506373301,59129633,coin_binance_BTC-USDT,,7067.35,0.137495,-1,,971.7252882500001
2018-08-29T09:32:53.344,1535506373344,59129634,coin_binance_BTC-USDT,,7067.35,0.039333,1,,277.98007755000003
2018-08-29T09:32:53.690,1535506373690,59129635,coin_binance_BTC-USDT,,7068.99,0.005333,1,,37.69892367
2018-08-29T09:32:53.690,1535506373690,59129636,coin_binance_BTC-USDT,,7069.0,0.017667,1,,124.88802299999999
2018-08-29T09:32:54.673,1535506374673,59129637,coin_binance_BTC-USDT,,7068.99,0.1416,1,,1000.968984
2018-08-29T09:32:55.793,1535506375793,59129638,coin_binance_BTC-USDT,,7068.99,0.000144,1,,1.01793456
2018-08-29T09:32:56.335,1535506376335,59129639,coin_binance_BTC-USDT,,7068.99,0.029,1,,205.00071
2018-08-29T09:32:57.444,1535506377444,59129640,coin_binance_BTC-USDT,,7067.37,0.176828,-1,,1249.7089023600001
2018-08-29T09:33:00.715,1535506380715,59129641,coin_binance_BTC-USDT,,7067.39,0.059894,-1,,423.29425666000003
2018-08-29T09:33:00.757,1535506380757,59129642,coin_binance_BTC-USDT,,7067.39,9e-05,-1,,0.6360651
2018-08-29T09:33:00.868,1535506380868,59129643,coin_binance_BTC-USDT,,7068.99,0.032587,1,,230.35717712999997
2018-08-29T09:33:01.292,1535506381292,59129644,coin_binance_BTC-USDT,,7067.39,0.116844,-1,,825.7821171600001
2018-08-29T09:33:01.292,1535506381292,59129645,coin_binance_BTC-USDT,,7067.38,0.059984,-1,,423.92972192
2018-08-29T09:33:01.556,1535506381556,59129646,coin_binance_BTC-USDT,,7068.99,0.034,1,,240.34566
2018-08-29T09:33:01.565,1535506381565,59129647,coin_binance_BTC-USDT,,7068.99,0.001489,1,,10.52572611
2018-08-29T09:33:01.585,1535506381585,59129648,coin_binance_BTC-USDT,,7068.99,0.01,1,,70.6899
2018-08-29T09:33:04.732,1535506384732,59129649,coin_binance_BTC-USDT,,7068.97,0.014,1,,98.96558
2018-08-29T09:33:05.997,1535506385997,59129650,coin_binance_BTC-USDT,,7067.41,0.016013,-1,,113.17043632999999
2018-08-29T09:33:06.187,1535506386187,59129651,coin_binance_BTC-USDT,,7067.42,0.044363,-1,,313.53195346
2018-08-29T09:33:06.517,1535506386517,59129652,coin_binance_BTC-USDT,,7068.0,0.033943,1,,239.90912400000002
2018-08-29T09:33:06.900,1535506386900,59129653,coin_binance_BTC-USDT,,7067.71,0.829123,1,,5860.000918330001
2018-08-29T09:33:06.911,1535506386911,59129654,coin_binance_BTC-USDT,,7067.42,0.247582,-1,,1749.76597844
2018-08-29T09:33:07.112,1535506387112,59129655,coin_binance_BTC-USDT,,7067.41,0.160816,-1,,1136.55260656
2018-08-29T09:33:07.173,1535506387173,59129656,coin_binance_BTC-USDT,,7067.41,0.015,1,,106.01115
2018-08-29T09:33:08.172,1535506388172,59129657,coin_binance_BTC-USDT,,7067.41,0.001013,1,,7.15928633
2018-08-29T09:33:08.172,1535506388172,59129658,coin_binance_BTC-USDT,,7067.42,0.044363,1,,313.53195346
2018-08-29T09:33:08.963,1535506388963,59129659,coin_binance_BTC-USDT,,7067.32,0.149559,-1,,1056.98131188
2018-08-29T09:33:09.108,1535506389108,59129660,coin_binance_BTC-USDT,,7068.0,0.033943,1,,239.90912400000002
2018-08-29T09:33:10.480,1535506390480,59129661,coin_binance_BTC-USDT,,7067.66,0.601771,1,,4253.112825859999
2018-08-29T09:33:10.495,1535506390495,59129662,coin_binance_BTC-USDT,,7067.33,0.009485,-1,,67.03362505
2018-08-29T09:33:10.518,1535506390518,59129663,coin_binance_BTC-USDT,,7067.33,0.203302,-1,,1436.80232366
2018-08-29T09:33:10.908,1535506390908,59129664,coin_binance_BTC-USDT,,7067.32,0.056357,-1,,398.29295324
2018-08-29T09:33:11.503,1535506391503,59129665,coin_binance_BTC-USDT,,7067.32,0.779378,-1,,5508.113726959999
2018-08-29T09:33:12.104,1535506392104,59129666,coin_binance_BTC-USDT,,7068.0,0.033943,1,,239.90912400000002
2018-08-29T09:33:14.105,1535506394105,59129667,coin_binance_BTC-USDT,,7068.0,0.054023,1,,381.834564
2018-08-29T09:33:14.128,1535506394128,59129668,coin_binance_BTC-USDT,,7068.0,0.087175,1,,616.1529
2018-08-29T09:33:14.170,1535506394170,59129669,coin_binance_BTC-USDT,,7068.0,0.293567,1,,2074.931556
2018-08-29T09:33:14.196,1535506394196,59129670,coin_binance_BTC-USDT,,7068.0,0.286428,1,,2024.4731040000001
2018-08-29T09:33:14.212,1535506394212,59129671,coin_binance_BTC-USDT,,7068.0,0.026128,1,,184.67270399999998
2018-08-29T09:33:15.176,1535506395176,59129672,coin_binance_BTC-USDT,,7068.95,0.006,1,,42.4137
2018-08-29T09:33:16.404,1535506396404,59129673,coin_binance_BTC-USDT,,7067.07,0.176829,-1,,1249.6629210299998
2018-08-29T09:33:16.404,1535506396404,59129674,coin_binance_BTC-USDT,,7067.05,0.020092,-1,,141.9911686
2018-08-29T09:33:16.591,1535506396591,59129675,coin_binance_BTC-USDT,,7067.05,0.002364,1,,16.706506200000003
2018-08-29T09:33:16.612,1535506396612,59129676,coin_binance_BTC-USDT,,7067.05,0.012,1,,84.80460000000001
2018-08-29T09:33:16.639,1535506396639,59129677,coin_binance_BTC-USDT,,7067.05,0.0025,1,,17.667625
2018-08-29T09:33:16.917,1535506396917,59129678,coin_binance_BTC-USDT,,7067.05,0.033947,1,,239.90514635
2018-08-29T09:33:17.244,1535506397244,59129679,coin_binance_BTC-USDT,,7067.05,0.330173,1,,2333.34909965
2018-08-29T09:33:19.609,1535506399609,59129680,coin_binance_BTC-USDT,,7068.0,0.003135,1,,22.15818
2018-08-29T09:33:19.609,1535506399609,59129681,coin_binance_BTC-USDT,,7068.95,0.006865,1,,48.528341749999996
2018-08-29T09:33:20.511,1535506400511,59129682,coin_binance_BTC-USDT,,7067.0,0.011316,1,,79.97017199999999
2018-08-29T09:33:20.523,1535506400523,59129683,coin_binance_BTC-USDT,,7067.0,0.017474,1,,123.488758
2018-08-29T09:33:20.740,1535506400740,59129684,coin_binance_BTC-USDT,,7067.0,0.02389,1,,168.83063
2018-08-29T09:33:20.791,1535506400791,59129685,coin_binance_BTC-USDT,,7066.86,0.2999,1,,2119.351314
2018-08-29T09:33:20.806,1535506400806,59129686,coin_binance_BTC-USDT,,7066.73,0.189152,-1,,1336.6861129599997
2018-08-29T09:33:20.827,1535506400827,59129687,coin_binance_BTC-USDT,,7066.73,0.168482,-1,,1190.61680386
2018-08-29T09:33:21.057,1535506401057,59129688,coin_binance_BTC-USDT,,7067.0,0.004185,1,,29.575395000000004
2018-08-29T09:33:21.320,1535506401320,59129689,coin_binance_BTC-USDT,,7066.72,0.006237,-1,,44.07513264000001
2018-08-29T09:33:21.541,1535506401541,59129690,coin_binance_BTC-USDT,,7067.0,0.005615,1,,39.681205
2018-08-29T09:33:21.546,1535506401546,59129691,coin_binance_BTC-USDT,,7067.0,0.01488,1,,105.15696000000001
2018-08-29T09:33:21.602,1535506401602,59129692,coin_binance_BTC-USDT,,7067.0,0.092395,1,,652.955465
2018-08-29T09:33:21.622,1535506401622,59129693,coin_binance_BTC-USDT,,7068.95,0.009254,1,,65.4160633
2018-08-29T09:33:22.187,1535506402187,59129694,coin_binance_BTC-USDT,,7068.95,0.010397,1,,73.49587315
2018-08-29T09:33:23.011,1535506403011,59129695,coin_binance_BTC-USDT,,7067.0,0.000877,-1,,6.197759
2018-08-29T09:33:24.066,1535506404066,59129696,coin_binance_BTC-USDT,,7067.98,0.033431,1,,236.28963938
2018-08-29T09:33:24.077,1535506404077,59129697,coin_binance_BTC-USDT,,7067.01,0.176658,-1,,1248.44385258
2018-08-29T09:33:24.100,1535506404100,59129698,coin_binance_BTC-USDT,,7067.01,0.014663,-1,,103.62356763000001
2018-08-29T09:33:24.209,1535506404209,59129699,coin_binance_BTC-USDT,,7068.95,0.007,1,,49.48265
2018-08-29T09:33:26.615,1535506406615,59129700,coin_binance_BTC-USDT,,7068.95,0.005,1,,35.34475
2018-08-29T09:33:26.808,1535506406808,59129701,coin_binance_BTC-USDT,,7067.84,0.296516,1,,2095.72764544
2018-08-29T09:33:26.830,1535506406830,59129702,coin_binance_BTC-USDT,,7066.73,0.161149,-1,,1138.7964727699998
2018-08-29T09:33:27.015,1535506407015,59129703,coin_binance_BTC-USDT,,7068.95,0.056489,1,,399.31791654999995
2018-08-29T09:33:27.015,1535506407015,59129704,coin_binance_BTC-USDT,,7069.0,0.003815,1,,26.968235
2018-08-29T09:33:27.015,1535506407015,59129705,coin_binance_BTC-USDT,,7069.27,0.090521,1,,639.91738967
2018-08-29T09:33:29.297,1535506409297,59129706,coin_binance_BTC-USDT,,7066.75,0.001995,-1,,14.098166249999998
2018-08-29T09:33:31.656,1535506411656,59129707,coin_binance_BTC-USDT,,7066.75,0.005544,-1,,39.178062000000004
2018-08-29T09:33:32.099,1535506412099,59129708,coin_binance_BTC-USDT,,7066.76,0.024574,-1,,173.65856023999999
2018-08-29T09:33:32.935,1535506412935,59129709,coin_binance_BTC-USDT,,7068.89,0.0014,1,,9.896446000000001
2018-08-29T09:33:35.754,1535506415754,59129710,coin_binance_BTC-USDT,,7068.86,0.007,1,,49.48202
2018-08-29T09:33:35.994,1535506415994,59129711,coin_binance_BTC-USDT,,7067.82,0.241214,1,,1704.85713348
2018-08-29T09:33:36.013,1535506416013,59129712,coin_binance_BTC-USDT,,7066.78,0.306516,-1,,2166.08113848
2018-08-29T09:33:36.031,1535506416031,59129713,coin_binance_BTC-USDT,,7066.78,0.185548,-1,,1311.22689544
2018-08-29T09:33:36.576,1535506416576,59129714,coin_binance_BTC-USDT,,7066.79,0.018954,-1,,133.94393766
2018-08-29T09:33:36.811,1535506416811,59129715,coin_binance_BTC-USDT,,7066.79,0.01059,-1,,74.8373061
2018-08-29T09:33:37.009,1535506417009,59129716,coin_binance_BTC-USDT,,7066.79,0.01354,-1,,95.6843366
2018-08-29T09:33:37.362,1535506417362,59129717,coin_binance_BTC-USDT,,7068.85,0.002023,1,,14.300283550000001
2018-08-29T09:33:37.561,1535506417561,59129718,coin_binance_BTC-USDT,,7068.85,0.00199,1,,14.067011500000001
2018-08-29T09:33:39.069,1535506419069,59129719,coin_binance_BTC-USDT,,7067.82,0.271854,1,,1921.4151382799998
2018-08-29T09:33:39.084,1535506419084,59129720,coin_binance_BTC-USDT,,7066.8,0.333641,-1,,2357.7742188
2018-08-29T09:33:39.102,1535506419102,59129721,coin_binance_BTC-USDT,,7066.8,0.256467,-1,,1812.4009956
2018-08-29T09:33:39.592,1535506419592,59129722,coin_binance_BTC-USDT,,7068.85,0.090481,1,,639.59661685
2018-08-29T09:33:39.693,1535506419693,59129723,coin_binance_BTC-USDT,,7066.79,0.002828,-1,,19.984882119999998
2018-08-29T09:33:40.232,1535506420232,59129724,coin_binance_BTC-USDT,,7068.85,0.044506,1,,314.6062381
2018-08-29T09:33:40.279,1535506420279,59129725,coin_binance_BTC-USDT,,7068.85,0.004,1,,28.2754
2018-08-29T09:33:40.365,1535506420365,59129726,coin_binance_BTC-USDT,,7066.79,0.025344,-1,,179.10072576
2018-08-29T09:33:40.481,1535506420481,59129727,coin_binance_BTC-USDT,,7066.79,0.018951,-1,,133.92273729
2018-08-29T09:33:40.904,1535506420904,59129728,coin_binance_BTC-USDT,,7066.8,0.018951,-1,,133.9229268
2018-08-29T09:33:42.007,1535506422007,59129729,coin_binance_BTC-USDT,,7068.85,0.280422,1,,1982.2610547000002
2018-08-29T09:33:42.290,1535506422290,59129730,coin_binance_BTC-USDT,,7068.85,0.004,1,,28.2754
2018-08-29T09:33:42.543,1535506422543,59129731,coin_binance_BTC-USDT,,7066.83,0.017707,-1,,125.13235881
2018-08-29T09:33:45.722,1535506425722,59129732,coin_binance_BTC-USDT,,7068.85,0.004,1,,28.2754
2018-08-29T09:33:45.762,1535506425762,59129733,coin_binance_BTC-USDT,,7068.85,0.22,1,,1555.1470000000002
2018-08-29T09:33:46.447,1535506426447,59129734,coin_binance_BTC-USDT,,7068.85,0.024196,1,,171.0378946
2018-08-29T09:33:49.335,1535506429335,59129735,coin_binance_BTC-USDT,,7068.79,0.030295,1,,214.14899305
2018-08-29T09:33:49.335,1535506429335,59129736,coin_binance_BTC-USDT,,7068.8,0.130709,1,,923.9557791999999
2018-08-29T09:33:49.335,1535506429335,59129737,coin_binance_BTC-USDT,,7068.9,0.072986,1,,515.9307353999999
2018-08-29T09:33:49.805,1535506429805,59129738,coin_binance_BTC-USDT,,7066.91,0.072332,-1,,511.16373411999996
2018-08-29T09:33:50.594,1535506430594,59129739,coin_binance_BTC-USDT,,7067.9,0.473466,1,,3346.4103413999997
2018-08-29T09:33:50.610,1535506430610,59129740,coin_binance_BTC-USDT,,7066.92,0.215211,-1,,1520.8789201200002
2018-08-29T09:33:51.420,1535506431420,59129741,coin_binance_BTC-USDT,,7068.89,0.115454,1,,816.13162606
2018-08-29T09:33:51.420,1535506431420,59129742,coin_binance_BTC-USDT,,7068.9,0.335015,1,,2368.1875335
2018-08-29T09:33:52.116,1535506432116,59129743,coin_binance_BTC-USDT,,7068.89,0.021485,1,,151.87510165
2018-08-29T09:33:53.096,1535506433096,59129744,coin_binance_BTC-USDT,,7068.89,0.031635,1,,223.62433515000004
2018-08-29T09:33:53.177,1535506433177,59129745,coin_binance_BTC-USDT,,7068.89,0.006,1,,42.413340000000005
2018-08-29T09:33:54.277,1535506434277,59129746,coin_binance_BTC-USDT,,7066.93,0.176831,-1,,1249.65229883
2018-08-29T09:33:54.277,1535506434277,59129747,coin_binance_BTC-USDT,,7066.92,0.26783,-1,,1892.7331836
2018-08-29T09:33:54.277,1535506434277,59129748,coin_binance_BTC-USDT,,7066.9,0.008381,-1,,59.2276889
2018-08-29T09:33:54.429,1535506434429,59129749,coin_binance_BTC-USDT,,7066.83,0.023787,1,,168.09868520999999
2018-08-29T09:33:54.742,1535506434742,59129750,coin_binance_BTC-USDT,,7066.83,0.141504,1,,999.98471232
2018-08-29T09:33:55.213,1535506435213,59129751,coin_binance_BTC-USDT,,7066.83,0.001972,1,,13.935788759999998
2018-08-29T09:33:55.389,1535506435389,59129752,coin_binance_BTC-USDT,,7066.83,0.003962,1,,27.998780460000003
2018-08-29T09:33:55.407,1535506435407,59129753,coin_binance_BTC-USDT,,7066.83,0.035315,1,,249.56510145
2018-08-29T09:33:56.845,1535506436845,59129754,coin_binance_BTC-USDT,,7066.83,0.025029,1,,176.87568807
2018-08-29T09:33:57.200,1535506437200,59129755,coin_binance_BTC-USDT,,7066.78,0.308238,1,,2178.25013364
2018-08-29T09:33:57.213,1535506437213,59129756,coin_binance_BTC-USDT,,7066.73,0.24081,-1,,1701.7392513
2018-08-29T09:33:58.147,1535506438147,59129757,coin_binance_BTC-USDT,,7066.83,0.167936,1,,1186.77516288
2018-08-29T09:34:00.846,1535506440846,59129758,coin_binance_BTC-USDT,,7066.83,0.146453,1,,1034.95845399
2018-08-29T09:34:02.084,1535506442084,59129759,coin_binance_BTC-USDT,,7066.76,0.086013,-1,,607.8332278800001
2018-08-29T09:34:02.136,1535506442136,59129760,coin_binance_BTC-USDT,,7068.82,0.006,1,,42.41292
2018-08-29T09:34:03.205,1535506443205,59129761,coin_binance_BTC-USDT,,7066.76,0.090819,-1,,641.79607644
2018-08-29T09:34:03.205,1535506443205,59129762,coin_binance_BTC-USDT,,7066.72,0.035055,-1,,247.72386960000003
2018-08-29T09:34:04.502,1535506444502,59129763,coin_binance_BTC-USDT,,7068.82,0.0025,1,,17.67205
2018-08-29T09:34:05.256,1535506445256,59129764,coin_binance_BTC-USDT,,7068.82,0.004711,1,,33.30121102
2018-08-29T09:34:05.256,1535506445256,59129765,coin_binance_BTC-USDT,,7068.85,0.003253,1,,22.994969049999998
2018-08-29T09:34:05.256,1535506445256,59129766,coin_binance_BTC-USDT,,7068.9,0.191936,1,,1356.7763903999999
2018-08-29T09:34:06.483,1535506446483,59129767,coin_binance_BTC-USDT,,7066.75,0.002827,-1,,19.97770225
2018-08-29T09:34:07.976,1535506447976,59129768,coin_binance_BTC-USDT,,7068.87,0.353664,1,,2500.00483968
2018-08-29T09:34:07.976,1535506447976,59129769,coin_binance_BTC-USDT,,7068.88,0.013336,1,,94.27058368
2018-08-29T09:34:08.520,1535506448520,59129770,coin_binance_BTC-USDT,,7066.75,0.174004,-1,,1229.642767
2018-08-29T09:34:08.520,1535506448520,59129771,coin_binance_BTC-USDT,,7066.72,1.177541,-1,,8321.35253552
2018-08-29T09:34:08.520,1535506448520,59129772,coin_binance_BTC-USDT,,7066.31,0.005647,-1,,39.903452570000006
2018-08-29T09:34:08.520,1535506448520,59129773,coin_binance_BTC-USDT,,7066.0,0.001474,-1,,10.415284
2018-08-29T09:34:08.520,1535506448520,59129774,coin_binance_BTC-USDT,,7065.32,0.001417,-1,,10.01155844
2018-08-29T09:34:08.520,1535506448520,59129775,coin_binance_BTC-USDT,,7065.0,0.769451,-1,,5436.171315
2018-08-29T09:34:08.577,1535506448577,59129776,coin_binance_BTC-USDT,,7065.0,0.02,1,,141.3
2018-08-29T09:34:08.600,1535506448600,59129777,coin_binance_BTC-USDT,,7065.0,0.004,1,,28.26
2018-08-29T09:34:09.171,1535506449171,59129778,coin_binance_BTC-USDT,,7065.0,0.040777,1,,288.08950500000003
2018-08-29T09:34:09.248,1535506449248,59129779,coin_binance_BTC-USDT,,7065.0,0.015,1,,105.975
2018-08-29T09:34:09.323,1535506449323,59129780,coin_binance_BTC-USDT,,7065.0,0.006648,1,,46.96812
2018-08-29T09:34:09.368,1535506449368,59129781,coin_binance_BTC-USDT,,7064.35,0.072504,1,,512.1936324000001
2018-08-29T09:34:09.384,1535506449384,59129782,coin_binance_BTC-USDT,,7063.71,0.039836,-1,,281.38995156000004
2018-08-29T09:34:09.480,1535506449480,59129783,coin_binance_BTC-USDT,,7065.0,0.193217,1,,1365.078105
2018-08-29T09:34:09.485,1535506449485,59129784,coin_binance_BTC-USDT,,7065.0,0.15908,1,,1123.9002
2018-08-29T09:34:09.506,1535506449506,59129785,coin_binance_BTC-USDT,,7065.0,0.021648,1,,152.94312
2018-08-29T09:34:09.550,1535506449550,59129786,coin_binance_BTC-USDT,,7065.0,0.001489,1,,10.519785
2018-08-29T09:34:10.443,1535506450443,59129787,coin_binance_BTC-USDT,,7065.0,0.00167,1,,11.79855
2018-08-29T09:34:10.472,1535506450472,59129788,coin_binance_BTC-USDT,,7063.7,0.145404,-1,,1027.0902348
2018-08-29T09:34:10.888,1535506450888,59129789,coin_binance_BTC-USDT,,7065.0,0.004,1,,28.26
2018-08-29T09:34:11.107,1535506451107,59129790,coin_binance_BTC-USDT,,7065.0,0.11435,1,,807.88275
2018-08-29T09:34:11.366,1535506451366,59129791,coin_binance_BTC-USDT,,7063.7,0.015129,-1,,106.8667173
2018-08-29T09:34:11.812,1535506451812,59129792,coin_binance_BTC-USDT,,7065.0,0.011319,1,,79.968735
2018-08-29T09:34:12.281,1535506452281,59129793,coin_binance_BTC-USDT,,7065.0,0.04,1,,282.6
2018-08-29T09:34:12.347,1535506452347,59129794,coin_binance_BTC-USDT,,7065.0,0.015363,1,,108.539595
2018-08-29T09:34:12.373,1535506452373,59129795,coin_binance_BTC-USDT,,7065.0,0.015,1,,105.975
2018-08-29T09:34:12.448,1535506452448,59129796,coin_binance_BTC-USDT,,7063.71,0.01314,-1,,92.8171494
2018-08-29T09:34:12.507,1535506452507,59129797,coin_binance_BTC-USDT,,7065.0,0.333262,1,,2354.4960300000002
2018-08-29T09:34:13.035,1535506453035,59129798,coin_binance_BTC-USDT,,7065.0,0.005881,1,,41.549265
2018-08-29T09:34:13.107,1535506453107,59129799,coin_binance_BTC-USDT,,7064.35,0.504523,1,,3564.1270550500008
2018-08-29T09:34:13.115,1535506453115,59129800,coin_binance_BTC-USDT,,7063.71,0.08705,-1,,614.8959555
2018-08-29T09:34:13.136,1535506453136,59129801,coin_binance_BTC-USDT,,7063.71,0.239121,-1,,1689.08139891
2018-08-29T09:34:13.458,1535506453458,59129802,coin_binance_BTC-USDT,,7063.7,0.055193,-1,,389.8667941
2018-08-29T09:34:13.651,1535506453651,59129803,coin_binance_BTC-USDT,,7063.71,0.01314,1,,92.8171494
2018-08-29T09:34:15.882,1535506455882,59129804,coin_binance_BTC-USDT,,7063.65,0.001417,-1,,10.00919205
2018-08-29T09:34:15.882,1535506455882,59129805,coin_binance_BTC-USDT,,7063.58,0.009273,-1,,65.50057733999999
2018-08-29T09:34:15.906,1535506455906,59129806,coin_binance_BTC-USDT,,7063.58,0.001419,-1,,10.023220019999998
2018-08-29T09:34:16.536,1535506456536,59129807,coin_binance_BTC-USDT,,7063.58,0.102681,-1,,725.2954579799999
2018-08-29T09:34:16.563,1535506456563,59129808,coin_binance_BTC-USDT,,7065.0,0.015,1,,105.975
2018-08-29T09:34:16.663,1535506456663,59129809,coin_binance_BTC-USDT,,7065.0,4e-06,1,,0.02826
2018-08-29T09:34:16.940,1535506456940,59129810,coin_binance_BTC-USDT,,7065.0,0.00159,1,,11.23335
2018-08-29T09:34:17.436,1535506457436,59129811,coin_binance_BTC-USDT,,7065.0,0.001589,1,,11.226284999999999
2018-08-29T09:34:18.571,1535506458571,59129812,coin_binance_BTC-USDT,,7063.59,0.001995,-1,,14.09186205
2018-08-29T09:34:19.048,1535506459048,59129813,coin_binance_BTC-USDT,,7064.29,0.211498,1,,1494.08320642
2018-08-29T09:34:19.058,1535506459058,59129814,coin_binance_BTC-USDT,,7063.59,0.062239,-1,,439.63077801000003
2018-08-29T09:34:19.074,1535506459074,59129815,coin_binance_BTC-USDT,,7063.59,0.076337,-1,,539.2132698300001
2018-08-29T09:34:19.122,1535506459122,59129816,coin_binance_BTC-USDT,,7063.59,0.001994,1,,14.084798460000002
2018-08-29T09:34:19.167,1535506459167,59129817,coin_binance_BTC-USDT,,7065.0,0.011319,1,,79.968735
2018-08-29T09:34:19.195,1535506459195,59129818,coin_binance_BTC-USDT,,7065.0,0.008,1,,56.52
2018-08-29T09:34:20.951,1535506460951,59129819,coin_binance_BTC-USDT,,7063.58,0.08106,-1,,572.5737948
2018-08-29T09:34:20.951,1535506460951,59129820,coin_binance_BTC-USDT,,7063.44,0.171295,-1,,1209.9319547999999
2018-08-29T09:34:20.951,1535506460951,59129821,coin_binance_BTC-USDT,,7062.96,0.023943,-1,,169.10845128
2018-08-29T09:34:20.951,1535506460951,59129822,coin_binance_BTC-USDT,,7060.12,0.061885,-1,,436.9155262
2018-08-29T09:34:21.844,1535506461844,59129823,coin_binance_BTC-USDT,,7064.97,0.002827,1,,19.972670190000002
2018-08-29T09:34:21.844,1535506461844,59129824,coin_binance_BTC-USDT,,7064.98,0.002132,1,,15.06253736
2018-08-29T09:34:21.871,1535506461871,59129825,coin_binance_BTC-USDT,,7064.98,0.001537,1,,10.858874259999999
2018-08-29T09:34:22.170,1535506462170,59129826,coin_binance_BTC-USDT,,7064.97,0.011319,1,,79.96839543
2018-08-29T09:34:22.368,1535506462368,59129827,coin_binance_BTC-USDT,,7064.97,0.004,1,,28.259880000000003
2018-08-29T09:34:24.911,1535506464911,59129828,coin_binance_BTC-USDT,,7062.41,0.0087,-1,,61.442966999999996
2018-08-29T09:34:24.911,1535506464911,59129829,coin_binance_BTC-USDT,,7062.39,0.121807,-1,,860.2485387300001
2018-08-29T09:34:24.911,1535506464911,59129830,coin_binance_BTC-USDT,,7062.29,0.324161,-1,,2289.31898869
2018-08-29T09:34:24.911,1535506464911,59129831,coin_binance_BTC-USDT,,7060.15,0.050141,-1,,354.00298115
2018-08-29T09:34:24.911,1535506464911,59129832,coin_binance_BTC-USDT,,7060.14,0.095191,-1,,672.06178674
2018-08-29T09:34:25.556,1535506465556,59129833,coin_binance_BTC-USDT,,7064.97,0.03396,1,,239.92638119999998
2018-08-29T09:34:26.333,1535506466333,59129834,coin_binance_BTC-USDT,,7064.97,0.041815,1,,295.42172055
2018-08-29T09:34:26.495,1535506466495,59129835,coin_binance_BTC-USDT,,7062.43,0.002139,-1,,15.10653777
2018-08-29T09:34:26.543,1535506466543,59129836,coin_binance_BTC-USDT,,7064.97,0.0089,1,,62.878233
2018-08-29T09:34:26.754,1535506466754,59129837,coin_binance_BTC-USDT,,7064.97,0.033957,1,,239.90518629000002
2018-08-29T09:34:27.504,1535506467504,59129838,coin_binance_BTC-USDT,,7064.97,0.005,1,,35.324850000000005
2018-08-29T09:34:28.576,1535506468576,59129839,coin_binance_BTC-USDT,,7062.45,0.076418,-1,,539.6983041
2018-08-29T09:34:28.984,1535506468984,59129840,coin_binance_BTC-USDT,,7062.46,0.171135,-1,,1208.6340921
2018-08-29T09:34:29.522,1535506469522,59129841,coin_binance_BTC-USDT,,7064.97,0.011,1,,77.71467
2018-08-29T09:34:30.068,1535506470068,59129842,coin_binance_BTC-USDT,,7064.95,0.011319,1,,79.96816904999999
2018-08-29T09:34:31.703,1535506471703,59129843,coin_binance_BTC-USDT,,7064.91,0.012733,1,,89.95749903
2018-08-29T09:34:31.703,1535506471703,59129844,coin_binance_BTC-USDT,,7064.92,0.03873,1,,273.6243516
2018-08-29T09:34:32.107,1535506472107,59129845,coin_binance_BTC-USDT,,7064.91,0.010688,1,,75.50975808
2018-08-29T09:34:32.129,1535506472129,59129846,coin_binance_BTC-USDT,,7062.5,0.17693,-1,,1249.568125
2018-08-29T09:34:32.129,1535506472129,59129847,coin_binance_BTC-USDT,,7062.49,0.002668,-1,,18.842723319999997
2018-08-29T09:34:32.129,1535506472129,59129848,coin_binance_BTC-USDT,,7062.23,0.181117,-1,,1279.0899109099998
2018-08-29T09:34:32.129,1535506472129,59129849,coin_binance_BTC-USDT,,7060.85,0.118965,-1,,839.9940202500001
2018-08-29T09:34:32.129,1535506472129,59129850,coin_binance_BTC-USDT,,7060.12,0.294797,-1,,2081.30219564
2018-08-29T09:34:32.387,1535506472387,59129851,coin_binance_BTC-USDT,,7064.9,0.491226,1,,3470.4625674
2018-08-29T09:34:33.980,1535506473980,59129852,coin_binance_BTC-USDT,,7064.87,0.002812,1,,19.86641444
2018-08-29T09:34:34.467,1535506474467,59129853,coin_binance_BTC-USDT,,7064.16,0.008,1,,56.51328
2018-08-29T09:34:35.621,1535506475621,59129854,coin_binance_BTC-USDT,,7064.15,0.002002,1,,14.142428299999999
2018-08-29T09:34:35.693,1535506475693,59129855,coin_binance_BTC-USDT,,7064.15,0.155634,1,,1099.4219211
2018-08-29T09:34:35.693,1535506475693,59129856,coin_binance_BTC-USDT,,7064.28,0.023859,1,,168.54665652
2018-08-29T09:34:36.895,1535506476895,59129857,coin_binance_BTC-USDT,,7064.27,0.002002,1,,14.14266854
2018-08-29T09:34:37.147,1535506477147,59129858,coin_binance_BTC-USDT,,7064.15,0.001601,-1,,11.30970415
2018-08-29T09:34:37.208,1535506477208,59129859,coin_binance_BTC-USDT,,7063.0,0.01,1,,70.63
2018-08-29T09:34:37.322,1535506477322,59129860,coin_binance_BTC-USDT,,7063.0,0.033946,1,,239.760598
2018-08-29T09:34:37.518,1535506477518,59129861,coin_binance_BTC-USDT,,7062.99,0.04,1,,282.5196
2018-08-29T09:34:38.546,1535506478546,59129862,coin_binance_BTC-USDT,,7062.99,0.134928,1,,952.99511472
2018-08-29T09:34:38.579,1535506478579,59129863,coin_binance_BTC-USDT,,7063.0,0.803603,1,,5675.847989
2018-08-29T09:34:39.186,1535506479186,59129864,coin_binance_BTC-USDT,,7063.58,0.005946,1,,42.00004668
2018-08-29T09:34:39.373,1535506479373,59129865,coin_binance_BTC-USDT,,7063.58,0.015462,1,,109.21707396
2018-08-29T09:34:39.373,1535506479373,59129866,coin_binance_BTC-USDT,,7064.28,0.004538,1,,32.05770264
2018-08-29T09:34:39.702,1535506479702,59129867,coin_binance_BTC-USDT,,7064.28,0.051724,1,,365.39281872
2018-08-29T09:34:41.698,1535506481698,59129868,coin_binance_BTC-USDT,,7064.99,0.008,1,,56.51992
2018-08-29T09:34:43.360,1535506483360,59129869,coin_binance_BTC-USDT,,7061.12,0.196034,-1,,1384.21959808
2018-08-29T09:34:43.360,1535506483360,59129870,coin_binance_BTC-USDT,,7061.11,0.008632,-1,,60.95150152
2018-08-29T09:34:43.385,1535506483385,59129871,coin_binance_BTC-USDT,,7062.0,0.076784,1,,542.248608
2018-08-29T09:34:43.436,1535506483436,59129872,coin_binance_BTC-USDT,,7064.98,0.001995,1,,14.094635099999998
2018-08-29T09:34:43.856,1535506483856,59129873,coin_binance_BTC-USDT,,7064.98,0.009,1,,63.58481999999999
2018-08-29T09:34:46.059,1535506486059,59129874,coin_binance_BTC-USDT,,7062.05,0.176932,-1,,1249.5026306
2018-08-29T09:34:46.059,1535506486059,59129875,coin_binance_BTC-USDT,,7062.04,0.228987,-1,,1617.11535348
2018-08-29T09:34:46.059,1535506486059,59129876,coin_binance_BTC-USDT,,7062.0,0.012581,-1,,88.847022
2018-08-29T09:34:46.059,1535506486059,59129877,coin_binance_BTC-USDT,,7061.0,0.111677,-1,,788.551297
2018-08-29T09:34:46.059,1535506486059,59129878,coin_binance_BTC-USDT,,7060.97,0.407535,-1,,2877.59240895
2018-08-29T09:34:46.059,1535506486059,59129879,coin_binance_BTC-USDT,,7060.12,0.063057,-1,,445.18998684
2018-08-29T09:34:46.900,1535506486900,59129880,coin_binance_BTC-USDT,,7064.86,0.049549,1,,350.05674814
2018-08-29T09:34:47.432,1535506487432,59129881,coin_binance_BTC-USDT,,7064.86,0.001935,1,,13.6705041
2018-08-29T09:34:47.838,1535506487838,59129882,coin_binance_BTC-USDT,,7064.86,0.002047,1,,14.46176842
2018-08-29T09:34:49.790,1535506489790,59129883,coin_binance_BTC-USDT,,7064.86,0.033937,1,,239.76015382
2018-08-29T09:34:50.399,1535506490399,59129884,coin_binance_BTC-USDT,,7064.0,0.234437,1,,1656.062968
2018-08-29T09:34:50.803,1535506490803,59129885,coin_binance_BTC-USDT,,7062.61,0.050064,1,,353.58250703999994
2018-08-29T09:34:50.819,1535506490819,59129886,coin_binance_BTC-USDT,,7064.85,0.212216,1,,1499.2742076
2018-08-29T09:34:50.842,1535506490842,59129887,coin_binance_BTC-USDT,,7064.85,0.024785,1,,175.10230725000002
2018-08-29T09:34:51.578,1535506491578,59129888,coin_binance_BTC-USDT,,7064.86,0.033937,1,,239.76015382
2018-08-29T09:34:53.479,1535506493479,59129889,coin_binance_BTC-USDT,,7064.84,0.044528,1,,314.58319552
2018-08-29T09:34:53.479,1535506493479,59129890,coin_binance_BTC-USDT,,7064.86,0.734529,1,,5189.34455094
2018-08-29T09:34:53.479,1535506493479,59129891,coin_binance_BTC-USDT,,7064.87,0.064841,1,,458.09323566999996
2018-08-29T09:34:53.479,1535506493479,59129892,coin_binance_BTC-USDT,,7064.98,2.23007,1,,15755.3999486
2018-08-29T09:34:53.479,1535506493479,59129893,coin_binance_BTC-USDT,,7064.99,0.025339,1,,179.01978161
2018-08-29T09:34:53.479,1535506493479,59129894,coin_binance_BTC-USDT,,7065.0,0.800444,1,,5655.1368600000005
2018-08-29T09:34:53.543,1535506493543,59129895,coin_binance_BTC-USDT,,7065.0,2.397885,1,,16941.057525
2018-08-29T09:34:53.580,1535506493580,59129896,coin_binance_BTC-USDT,,7065.0,1.528165,1,,10796.485725
2018-08-29T09:34:53.601,1535506493601,59129897,coin_binance_BTC-USDT,,7065.0,0.13349,1,,943.10685
2018-08-29T09:34:53.601,1535506493601,59129898,coin_binance_BTC-USDT,,7065.06,0.868919,1,,6138.96487014
2018-08-29T09:34:53.988,1535506493988,59129899,coin_binance_BTC-USDT,,7064.27,0.111018,1,,784.2611268600001
2018-08-29T09:34:54.017,1535506494017,59129900,coin_binance_BTC-USDT,,7064.27,0.065914,1,,465.63429278
2018-08-29T09:34:54.017,1535506494017,59129901,coin_binance_BTC-USDT,,7064.28,0.045104,1,,318.62728511999995
2018-08-29T09:34:54.043,1535506494043,59129902,coin_binance_BTC-USDT,,7064.28,0.065914,1,,465.63495192
2018-08-29T09:34:55.520,1535506495520,59129903,coin_binance_BTC-USDT,,7067.0,0.009493,1,,67.087031
2018-08-29T09:34:55.536,1535506495536,59129904,coin_binance_BTC-USDT,,7067.0,0.200171,1,,1414.6084569999998
2018-08-29T09:34:56.028,1535506496028,59129905,coin_binance_BTC-USDT,,7063.31,8.6e-05,-1,,0.6074446600000001
2018-08-29T09:34:57.692,1535506497692,59129906,coin_binance_BTC-USDT,,7064.05,0.155161,-1,,1096.06506205
2018-08-29T09:34:57.851,1535506497851,59129907,coin_binance_BTC-USDT,,7064.97,0.151403,1,,1069.65765291
2018-08-29T09:35:00.741,1535506500741,59129908,coin_binance_BTC-USDT,,7064.88,0.002442,-1,,17.25243696
2018-08-29T09:35:01.409,1535506501409,59129909,coin_binance_BTC-USDT,,7064.89,0.1976,-1,,1396.022264
2018-08-29T09:35:02.680,1535506502680,59129910,coin_binance_BTC-USDT,,7065.31,0.002789,-1,,19.70514959
2018-08-29T09:35:04.081,1535506504081,59129911,coin_binance_BTC-USDT,,7065.33,0.016333,-1,,115.39803489
2018-08-29T09:35:04.700,1535506504700,59129912,coin_binance_BTC-USDT,,7066.98,0.01774,-1,,125.36822519999998
2018-08-29T09:35:05.038,1535506505038,59129913,coin_binance_BTC-USDT,,7068.9,0.045582,1,,322.2145998
2018-08-29T09:35:05.062,1535506505062,59129914,coin_binance_BTC-USDT,,7068.9,0.080691,1,,570.3966098999999
2018-08-29T09:35:06.947,1535506506947,59129915,coin_binance_BTC-USDT,,7067.01,0.002711,-1,,19.15866411
2018-08-29T09:35:07.368,1535506507368,59129916,coin_binance_BTC-USDT,,7068.9,0.039467,1,,278.9882763
2018-08-29T09:35:07.368,1535506507368,59129917,coin_binance_BTC-USDT,,7068.95,0.00897,1,,63.4084815
2018-08-29T09:35:07.405,1535506507405,59129918,coin_binance_BTC-USDT,,7069.0,0.34488,1,,2437.95672
2018-08-29T09:35:07.408,1535506507408,59129919,coin_binance_BTC-USDT,,7069.79,0.001416,1,,10.010822639999999
2018-08-29T09:35:07.408,1535506507408,59129920,coin_binance_BTC-USDT,,7070.09,7.2e-05,1,,0.50904648
2018-08-29T09:35:07.492,1535506507492,59129921,coin_binance_BTC-USDT,,7068.99,0.005153,1,,36.426505469999995
2018-08-29T09:35:09.668,1535506509668,59129922,coin_binance_BTC-USDT,,7067.05,0.008362,-1,,59.0946721
2018-08-29T09:35:10.860,1535506510860,59129923,coin_binance_BTC-USDT,,7067.05,0.046544,-1,,328.9287752
2018-08-29T09:35:11.807,1535506511807,59129924,coin_binance_BTC-USDT,,7070.07,0.008358,1,,59.091645060000005
2018-08-29T09:35:12.201,1535506512201,59129925,coin_binance_BTC-USDT,,7067.05,0.020815,-1,,147.10064575
2018-08-29T09:35:12.501,1535506512501,59129926,coin_binance_BTC-USDT,,7067.07,0.147419,-1,,1041.82039233
2018-08-29T09:35:13.286,1535506513286,59129927,coin_binance_BTC-USDT,,7067.07,0.018935,-1,,133.81497045
2018-08-29T09:35:14.067,1535506514067,59129928,coin_binance_BTC-USDT,,7067.08,3.3e-05,-1,,0.23321364000000003
2018-08-29T09:35:14.177,1535506514177,59129929,coin_binance_BTC-USDT,,7067.09,0.06608,-1,,466.9933072
2018-08-29T09:35:14.509,1535506514509,59129930,coin_binance_BTC-USDT,,7067.09,0.053234,-1,,376.20946906
2018-08-29T09:35:15.325,1535506515325,59129931,coin_binance_BTC-USDT,,7068.99,0.005859,-1,,41.41721241
2018-08-29T09:35:16.440,1535506516440,59129932,coin_binance_BTC-USDT,,7069.0,0.007953,-1,,56.219757
2018-08-29T09:35:16.720,1535506516720,59129933,coin_binance_BTC-USDT,,7069.53,0.153083,1,,1082.22486099
2018-08-29T09:35:16.734,1535506516734,59129934,coin_binance_BTC-USDT,,7069.0,0.172552,-1,,1219.770088
2018-08-29T09:35:16.751,1535506516751,59129935,coin_binance_BTC-USDT,,7069.0,0.111643,-1,,789.204367
2018-08-29T09:35:17.241,1535506517241,59129936,coin_binance_BTC-USDT,,7069.0,0.007952,1,,56.21268800000001
2018-08-29T09:35:17.702,1535506517702,59129937,coin_binance_BTC-USDT,,7070.07,4e-06,1,,0.028280279999999998
2018-08-29T09:35:17.702,1535506517702,59129938,coin_binance_BTC-USDT,,7070.09,0.008242,1,,58.271681779999994
2018-08-29T09:35:17.702,1535506517702,59129939,coin_binance_BTC-USDT,,7070.38,0.074429,1,,526.24131302
2018-08-29T09:35:17.702,1535506517702,59129940,coin_binance_BTC-USDT,,7070.74,0.077669,1,,549.17730506
2018-08-29T09:35:19.453,1535506519453,59129941,coin_binance_BTC-USDT,,7069.03,0.019131,-1,,135.23761292999998
2018-08-29T09:35:19.620,1535506519620,59129942,coin_binance_BTC-USDT,,7069.03,0.157654,-1,,1114.4608556199998
2018-08-29T09:35:19.620,1535506519620,59129943,coin_binance_BTC-USDT,,7069.0,5.9e-05,-1,,0.41707099999999997
2018-08-29T09:35:19.620,1535506519620,59129944,coin_binance_BTC-USDT,,7068.99,4.7e-05,-1,,0.33224253
2018-08-29T09:35:19.620,1535506519620,59129945,coin_binance_BTC-USDT,,7066.44,0.110807,-1,,783.01101708
2018-08-29T09:35:19.620,1535506519620,59129946,coin_binance_BTC-USDT,,7065.32,0.049366,-1,,348.78658712
2018-08-29T09:35:19.620,1535506519620,59129947,coin_binance_BTC-USDT,,7065.29,0.030588,-1,,216.11309052000001
2018-08-29T09:35:21.646,1535506521646,59129948,coin_binance_BTC-USDT,,7069.0,0.134613,-1,,951.5792970000001
2018-08-29T09:35:21.752,1535506521752,59129949,coin_binance_BTC-USDT,,7069.01,0.176785,-1,,1249.69493285
2018-08-29T09:35:24.098,1535506524098,59129950,coin_binance_BTC-USDT,,7065.32,0.068986,-1,,487.40816552
2018-08-29T09:35:24.568,1535506524568,59129951,coin_binance_BTC-USDT,,7068.89,0.014618,1,,103.33303402000001
2018-08-29T09:35:26.644,1535506526644,59129952,coin_binance_BTC-USDT,,7068.89,0.001609,1,,11.373844010000001
2018-08-29T09:35:27.171,1535506527171,59129953,coin_binance_BTC-USDT,,7067.22,0.235305,1,,1662.9522021
2018-08-29T09:35:27.191,1535506527191,59129954,coin_binance_BTC-USDT,,7065.56,0.09535,-1,,673.7011460000001
2018-08-29T09:35:27.216,1535506527216,59129955,coin_binance_BTC-USDT,,7065.56,0.091915,-1,,649.4309474
2018-08-29T09:35:27.410,1535506527410,59129956,coin_binance_BTC-USDT,,7067.21,0.336797,1,,2380.2151263700002
2018-08-29T09:35:28.337,1535506528337,59129957,coin_binance_BTC-USDT,,7065.32,0.009196,-1,,64.97268272
2018-08-29T09:35:29.898,1535506529898,59129958,coin_binance_BTC-USDT,,7065.56,0.013,1,,91.85228000000001
2018-08-29T09:35:30.382,1535506530382,59129959,coin_binance_BTC-USDT,,7065.56,0.043775,1,,309.294889
2018-08-29T09:35:30.675,1535506530675,59129960,coin_binance_BTC-USDT,,7065.55,0.032115,1,,226.91013825
2018-08-29T09:35:30.675,1535506530675,59129961,coin_binance_BTC-USDT,,7065.56,0.000358,1,,2.52947048
2018-08-29T09:35:30.696,1535506530696,59129962,coin_binance_BTC-USDT,,7065.56,0.032111,1,,226.88219716
2018-08-29T09:35:30.755,1535506530755,59129963,coin_binance_BTC-USDT,,7065.56,0.054482,1,,384.94583992
2018-08-29T09:35:31.195,1535506531195,59129964,coin_binance_BTC-USDT,,7065.44,0.185262,1,,1308.95754528
2018-08-29T09:35:31.211,1535506531211,59129965,coin_binance_BTC-USDT,,7065.33,0.03063,-1,,216.4110579
2018-08-29T09:35:31.227,1535506531227,59129966,coin_binance_BTC-USDT,,7065.33,0.092632,-1,,654.4756485600001
2018-08-29T09:35:31.271,1535506531271,59129967,coin_binance_BTC-USDT,,7065.56,0.097046,1,,685.68433576
2018-08-29T09:35:31.425,1535506531425,59129968,coin_binance_BTC-USDT,,7065.56,0.041366,1,,292.27395496
2018-08-29T09:35:31.446,1535506531446,59129969,coin_binance_BTC-USDT,,7065.56,0.01252,1,,88.46081120000001
2018-08-29T09:35:31.859,1535506531859,59129970,coin_binance_BTC-USDT,,7065.56,0.027511,1,,194.38062116
2018-08-29T09:35:32.395,1535506532395,59129971,coin_binance_BTC-USDT,,7065.56,0.019,1,,134.24564
2018-08-29T09:35:32.784,1535506532784,59129972,coin_binance_BTC-USDT,,7065.55,0.083284,1,,588.4472662
2018-08-29T09:35:32.784,1535506532784,59129973,coin_binance_BTC-USDT,,7065.56,0.08736,1,,617.2473216
2018-08-29T09:35:32.807,1535506532807,59129974,coin_binance_BTC-USDT,,7065.56,0.306066,1,,2162.52768696
2018-08-29T09:35:32.838,1535506532838,59129975,coin_binance_BTC-USDT,,7065.56,0.208717,1,,1474.70248652
2018-08-29T09:35:33.775,1535506533775,59129976,coin_binance_BTC-USDT,,7065.56,0.015,1,,105.9834
2018-08-29T09:35:33.829,1535506533829,59129977,coin_binance_BTC-USDT,,7065.56,0.007406,1,,52.32753736000001
2018-08-29T09:35:34.441,1535506534441,59129978,coin_binance_BTC-USDT,,7065.56,0.006,1,,42.39336
2018-08-29T09:35:35.448,1535506535448,59129979,coin_binance_BTC-USDT,,7065.56,0.04717,1,,333.2824652
2018-08-29T09:35:35.462,1535506535462,59129980,coin_binance_BTC-USDT,,7065.56,2e-06,1,,0.01413112
2018-08-29T09:35:35.920,1535506535920,59129981,coin_binance_BTC-USDT,,7065.56,0.334022,1,,2360.05248232
2018-08-29T09:35:35.934,1535506535934,59129982,coin_binance_BTC-USDT,,7065.56,0.030748,1,,217.25183888
2018-08-29T09:35:37.050,1535506537050,59129983,coin_binance_BTC-USDT,,7067.2,0.088373,1,,624.5496655999999
2018-08-29T09:35:37.072,1535506537072,59129984,coin_binance_BTC-USDT,,7067.2,0.02369,1,,167.421968
2018-08-29T09:35:37.089,1535506537089,59129985,coin_binance_BTC-USDT,,7067.2,2e-06,1,,0.014134399999999998
2018-08-29T09:35:37.126,1535506537126,59129986,coin_binance_BTC-USDT,,7068.0,0.785,1,,5548.38
2018-08-29T09:35:37.129,1535506537129,59129987,coin_binance_BTC-USDT,,7068.0,0.3925,1,,2774.19
2018-08-29T09:35:37.129,1535506537129,59129988,coin_binance_BTC-USDT,,7068.0,0.37486,1,,2649.5104800000004
2018-08-29T09:35:37.404,1535506537404,59129989,coin_binance_BTC-USDT,,7067.99,0.019,1,,134.29181
2018-08-29T09:35:37.807,1535506537807,59129990,coin_binance_BTC-USDT,,7067.99,0.412755,1,,2917.3482124499997
2018-08-29T09:35:37.807,1535506537807,59129991,coin_binance_BTC-USDT,,7068.0,0.320328,1,,2264.078304
2018-08-29T09:35:37.830,1535506537830,59129992,coin_binance_BTC-USDT,,7068.0,0.072174,1,,510.125832
2018-08-29T09:35:38.187,1535506538187,59129993,coin_binance_BTC-USDT,,7066.86,0.176794,-1,,1249.37844684
2018-08-29T09:35:38.187,1535506538187,59129994,coin_binance_BTC-USDT,,7066.85,0.018477,-1,,130.57418745
2018-08-29T09:35:39.925,1535506539925,59129995,coin_binance_BTC-USDT,,7068.0,0.025,1,,176.70000000000002
2018-08-29T09:35:40.170,1535506540170,59129996,coin_binance_BTC-USDT,,7068.0,0.121334,1,,857.588712
2018-08-29T09:35:41.177,1535506541177,59129997,coin_binance_BTC-USDT,,7066.88,4e-06,-1,,0.02826752
2018-08-29T09:35:41.195,1535506541195,59129998,coin_binance_BTC-USDT,,7070.35,0.176794,1,,1249.9954579
2018-08-29T09:35:41.195,1535506541195,59129999,coin_binance_BTC-USDT,,7070.36,0.02169,1,,153.3561084
2018-08-29T09:35:41.195,1535506541195,59130000,coin_binance_BTC-USDT,,7070.74,0.050477,1,,356.90974298
2018-08-29T09:35:41.195,1535506541195,59130001,coin_binance_BTC-USDT,,7071.62,0.089863,1,,635.4769880599999
2018-08-29T09:35:42.063,1535506542063,59130002,coin_binance_BTC-USDT,,7066.88,0.17679,-1,,1249.3537152000001
2018-08-29T09:35:42.063,1535506542063,59130003,coin_binance_BTC-USDT,,7066.84,0.5,-1,,3533.42
2018-08-29T09:35:42.063,1535506542063,59130004,coin_binance_BTC-USDT,,7065.34,0.14179,-1,,1001.7945586
2018-08-29T09:35:42.063,1535506542063,59130005,coin_binance_BTC-USDT,,7065.32,2.041211,-1,,14421.80890252
2018-08-29T09:35:42.063,1535506542063,59130006,coin_binance_BTC-USDT,,7065.28,0.001756,-1,,12.406631679999998
2018-08-29T09:35:42.063,1535506542063,59130007,coin_binance_BTC-USDT,,7065.0,0.155077,-1,,1095.619005
2018-08-29T09:35:42.349,1535506542349,59130008,coin_binance_BTC-USDT,,7064.84,0.015,1,,105.9726
2018-08-29T09:35:42.556,1535506542556,59130009,coin_binance_BTC-USDT,,7064.84,0.182467,1,,1289.10016028
2018-08-29T09:35:42.556,1535506542556,59130010,coin_binance_BTC-USDT,,7071.62,0.066781,1,,472.24985522
2018-08-29T09:35:45.279,1535506545279,59130011,coin_binance_BTC-USDT,,7069.84,0.006,1,,42.41904
2018-08-29T09:35:48.708,1535506548708,59130012,coin_binance_BTC-USDT,,7069.84,0.006,1,,42.41904
2018-08-29T09:35:51.061,1535506551061,59130013,coin_binance_BTC-USDT,,7068.17,0.084305,1,,595.88207185
2018-08-29T09:35:51.081,1535506551081,59130014,coin_binance_BTC-USDT,,7066.5,0.210551,-1,,1487.8586415
2018-08-29T09:35:51.100,1535506551100,59130015,coin_binance_BTC-USDT,,7066.5,0.028871,-1,,204.0169215
2018-08-29T09:35:51.745,1535506551745,59130016,coin_binance_BTC-USDT,,7066.5,0.049369,-1,,348.8660385
2018-08-29T09:35:52.432,1535506552432,59130017,coin_binance_BTC-USDT,,7069.83,0.002669,1,,18.86937627
2018-08-29T09:35:52.495,1535506552495,59130018,coin_binance_BTC-USDT,,7069.83,0.000181,1,,1.2796392300000001
2018-08-29T09:35:52.495,1535506552495,59130019,coin_binance_BTC-USDT,,7069.84,0.005819,1,,41.13939896
2018-08-29T09:35:53.686,1535506553686,59130020,coin_binance_BTC-USDT,,7069.84,0.107944,1,,763.14680896
2018-08-29T09:35:55.570,1535506555570,59130021,coin_binance_BTC-USDT,,7066.64,0.061823,-1,,436.88088472000004
2018-08-29T09:35:55.989,1535506555989,59130022,coin_binance_BTC-USDT,,7067.88,0.082866,1,,585.68694408
2018-08-29T09:35:56.003,1535506556003,59130023,coin_binance_BTC-USDT,,7066.64,1.8e-05,-1,,0.12719952
2018-08-29T09:35:56.207,1535506556207,59130024,coin_binance_BTC-USDT,,7069.12,0.051023,1,,360.68770975999996
2018-08-29T09:35:57.562,1535506557562,59130025,coin_binance_BTC-USDT,,7066.69,0.028671,-1,,202.60906898999997
2018-08-29T09:35:58.617,1535506558617,59130026,coin_binance_BTC-USDT,,7066.73,0.001649,-1,,11.65303777
2018-08-29T09:36:01.577,1535506561577,59130027,coin_binance_BTC-USDT,,7069.12,7e-06,1,,0.04948384
2018-08-29T09:36:01.577,1535506561577,59130028,coin_binance_BTC-USDT,,7070.05,0.005993,1,,42.37080965
2018-08-29T09:36:03.862,1535506563862,59130029,coin_binance_BTC-USDT,,7069.32,0.0025,1,,17.6733
2018-08-29T09:36:04.703,1535506564703,59130030,coin_binance_BTC-USDT,,7069.32,0.03,1,,212.07959999999997
2018-08-29T09:36:06.831,1535506566831,59130031,coin_binance_BTC-USDT,,7069.32,0.024,1,,169.66368
2018-08-29T09:36:08.983,1535506568983,59130032,coin_binance_BTC-USDT,,7069.32,0.011,1,,77.76252
2018-08-29T09:36:09.388,1535506569388,59130033,coin_binance_BTC-USDT,,7067.16,0.014,-1,,98.94024
2018-08-29T09:36:10.356,1535506570356,59130034,coin_binance_BTC-USDT,,7069.32,0.188997,1,,1336.08027204
2018-08-29T09:36:10.424,1535506570424,59130035,coin_binance_BTC-USDT,,7069.84,0.964216,-1,,6816.85284544
2018-08-29T09:36:10.993,1535506570993,59130036,coin_binance_BTC-USDT,,7069.97,0.008,1,,56.559760000000004
2018-08-29T09:36:13.467,1535506573467,59130037,coin_binance_BTC-USDT,,7067.28,0.049776,-1,,351.78092928
2018-08-29T09:36:13.673,1535506573673,59130038,coin_binance_BTC-USDT,,7067.28,0.00199,-1,,14.0638872
2018-08-29T09:36:13.714,1535506573714,59130039,coin_binance_BTC-USDT,,7069.25,0.004,1,,28.277
2018-08-29T09:36:13.894,1535506573894,59130040,coin_binance_BTC-USDT,,7067.29,0.005626,-1,,39.760573539999996
2018-08-29T09:36:14.322,1535506574322,59130041,coin_binance_BTC-USDT,,7067.36,0.044149,-1,,312.01687663999996
2018-08-29T09:36:14.735,1535506574735,59130042,coin_binance_BTC-USDT,,7067.36,0.025638,-1,,181.19297568
2018-08-29T09:36:16.202,1535506576202,59130043,coin_binance_BTC-USDT,,7069.25,0.002,1,,14.1385
2018-08-29T09:36:16.202,1535506576202,59130044,coin_binance_BTC-USDT,,7069.26,0.008,1,,56.554080000000006
2018-08-29T09:36:16.618,1535506576618,59130045,coin_binance_BTC-USDT,,7069.26,0.005,1,,35.3463
2018-08-29T09:36:17.441,1535506577441,59130046,coin_binance_BTC-USDT,,7067.46,0.17496,-1,,1236.5228016
2018-08-29T09:36:18.358,1535506578358,59130047,coin_binance_BTC-USDT,,7069.25,0.006,1,,42.4155
2018-08-29T09:36:19.680,1535506579680,59130048,coin_binance_BTC-USDT,,7067.52,0.005821,-1,,41.14003392
2018-08-29T09:36:20.150,1535506580150,59130049,coin_binance_BTC-USDT,,7069.25,0.19873,1,,1404.8720524999999
2018-08-29T09:36:22.125,1535506582125,59130050,coin_binance_BTC-USDT,,7068.61,0.604582,1,,4273.554371019999
2018-08-29T09:36:22.132,1535506582132,59130051,coin_binance_BTC-USDT,,7069.23,0.265168,1,,1874.53358064
2018-08-29T09:36:24.289,1535506584289,59130052,coin_binance_BTC-USDT,,7069.24,0.005821,1,,41.15004604
2018-08-29T09:36:24.289,1535506584289,59130053,coin_binance_BTC-USDT,,7069.25,0.09649,1,,682.1119325000001
2018-08-29T09:36:24.902,1535506584902,59130054,coin_binance_BTC-USDT,,7069.23,0.123196,-1,,870.9008590799999
2018-08-29T09:36:25.169,1535506585169,59130055,coin_binance_BTC-USDT,,7068.77,0.106887,1,,755.55961899
2018-08-29T09:36:25.186,1535506585186,59130056,coin_binance_BTC-USDT,,7068.29,0.03654,-1,,258.2753166
2018-08-29T09:36:25.200,1535506585200,59130057,coin_binance_BTC-USDT,,7068.29,0.071259,-1,,503.67927711000004
2018-08-29T09:36:26.183,1535506586183,59130058,coin_binance_BTC-USDT,,7068.77,0.046536,1,,328.95228072000003
2018-08-29T09:36:26.195,1535506586195,59130059,coin_binance_BTC-USDT,,7068.29,0.132929,-1,,939.5807214099999
2018-08-29T09:36:26.213,1535506586213,59130060,coin_binance_BTC-USDT,,7068.29,0.033239,-1,,234.94289131
2018-08-29T09:36:31.073,1535506591073,59130061,coin_binance_BTC-USDT,,7068.77,0.191751,1,,1355.44371627
2018-08-29T09:36:31.090,1535506591090,59130062,coin_binance_BTC-USDT,,7068.29,0.299447,-1,,2116.57823563
2018-08-29T09:36:31.107,1535506591107,59130063,coin_binance_BTC-USDT,,7068.29,0.08716,-1,,616.0721564
2018-08-29T09:36:32.220,1535506592220,59130064,coin_binance_BTC-USDT,,7069.25,0.003061,1,,21.63897425
2018-08-29T09:36:33.296,1535506593296,59130065,coin_binance_BTC-USDT,,7068.77,0.473141,1,,3344.52490657
2018-08-29T09:36:33.308,1535506593308,59130066,coin_binance_BTC-USDT,,7068.29,0.139853,-1,,988.5215613700001
2018-08-29T09:36:33.329,1535506593329,59130067,coin_binance_BTC-USDT,,7068.29,0.299455,-1,,2116.63478195
2018-08-29T09:36:33.480,1535506593480,59130068,coin_binance_BTC-USDT,,7069.25,0.006628,1,,46.854989
2018-08-29T09:36:33.985,1535506593985,59130069,coin_binance_BTC-USDT,,7069.25,0.001608,1,,11.367354
2018-08-29T09:36:37.158,1535506597158,59130070,coin_binance_BTC-USDT,,7068.77,0.552929,1,,3908.5279273300002
2018-08-29T09:36:37.170,1535506597170,59130071,coin_binance_BTC-USDT,,7068.29,0.216742,-1,,1531.9953111799998
2018-08-29T09:36:37.188,1535506597188,59130072,coin_binance_BTC-USDT,,7068.29,0.212664,-1,,1503.17082456
2018-08-29T09:36:39.672,1535506599672,59130073,coin_binance_BTC-USDT,,7068.76,0.078456,1,,554.58663456
2018-08-29T09:36:39.681,1535506599681,59130074,coin_binance_BTC-USDT,,7069.24,0.164732,1,,1164.5300436799998
2018-08-29T09:36:39.699,1535506599699,59130075,coin_binance_BTC-USDT,,7069.24,0.030887,1,,218.34761588
2018-08-29T09:36:39.748,1535506599748,59130076,coin_binance_BTC-USDT,,7069.25,0.006,1,,42.4155
2018-08-29T09:36:44.075,1535506604075,59130077,coin_binance_BTC-USDT,,7068.77,0.123996,1,,876.49920492
2018-08-29T09:36:44.094,1535506604094,59130078,coin_binance_BTC-USDT,,7068.3,0.05299,-1,,374.549217
2018-08-29T09:36:45.116,1535506605116,59130079,coin_binance_BTC-USDT,,7069.25,0.011,1,,77.76174999999999
2018-08-29T09:36:49.189,1535506609189,59130080,coin_binance_BTC-USDT,,7069.13,0.079546,1,,562.3210149800001
2018-08-29T09:36:49.202,1535506609202,59130081,coin_binance_BTC-USDT,,7069.01,0.077987,-1,,551.29088287
2018-08-29T09:36:49.572,1535506609572,59130082,coin_binance_BTC-USDT,,7069.0,0.006175,-1,,43.651075
2018-08-29T09:36:51.534,1535506611534,59130083,coin_binance_BTC-USDT,,7069.25,0.074087,1,,523.73952475
2018-08-29T09:36:52.641,1535506612641,59130084,coin_binance_BTC-USDT,,7069.13,0.268318,1,,1896.77482334
2018-08-29T09:36:53.676,1535506613676,59130085,coin_binance_BTC-USDT,,7069.01,0.042215,-1,,298.41825715000004
2018-08-29T09:36:53.701,1535506613701,59130086,coin_binance_BTC-USDT,,7069.01,0.25313,-1,,1789.3785013000002
2018-08-29T09:36:54.679,1535506614679,59130087,coin_binance_BTC-USDT,,7069.25,1e-06,1,,0.00706925
2018-08-29T09:36:54.679,1535506614679,59130088,coin_binance_BTC-USDT,,7069.9,0.005999,1,,42.4123301
2018-08-29T09:36:56.872,1535506616872,59130089,coin_binance_BTC-USDT,,7069.93,0.337241,1,,2384.2702631300003
2018-08-29T09:36:56.892,1535506616892,59130090,coin_binance_BTC-USDT,,7069.26,0.198376,-1,,1402.37152176
2018-08-29T09:36:58.915,1535506618915,59130091,coin_binance_BTC-USDT,,7069.93,0.070884,1,,501.14491812000006
2018-08-29T09:36:58.928,1535506618928,59130092,coin_binance_BTC-USDT,,7069.26,0.173727,-1,,1228.12133202
2018-08-29T09:36:58.954,1535506618954,59130093,coin_binance_BTC-USDT,,7069.26,0.063288,-1,,447.39932688
2018-08-29T09:36:59.612,1535506619612,59130094,coin_binance_BTC-USDT,,7070.61,0.004,1,,28.282439999999998
2018-08-29T09:37:00.071,1535506620071,59130095,coin_binance_BTC-USDT,,7069.26,0.005,1,,35.3463
2018-08-29T09:37:03.232,1535506623232,59130096,coin_binance_BTC-USDT,,7070.6,0.005,1,,35.353
2018-08-29T09:37:04.149,1535506624149,59130097,coin_binance_BTC-USDT,,7069.57,0.118712,1,,839.24279384
2018-08-29T09:37:04.166,1535506624166,59130098,coin_binance_BTC-USDT,,7069.26,0.203335,-1,,1437.4279821
2018-08-29T09:37:04.195,1535506624195,59130099,coin_binance_BTC-USDT,,7069.26,0.086024,-1,,608.12602224
2018-08-29T09:37:04.240,1535506624240,59130100,coin_binance_BTC-USDT,,7069.25,0.026178,-1,,185.0588265
2018-08-29T09:37:04.267,1535506624267,59130101,coin_binance_BTC-USDT,,7069.01,0.150313,-1,,1062.56410013
2018-08-29T09:37:04.295,1535506624295,59130102,coin_binance_BTC-USDT,,7069.01,0.203245,-1,,1436.74093745
2018-08-29T09:37:04.295,1535506624295,59130103,coin_binance_BTC-USDT,,7069.0,0.075464,-1,,533.455016
2018-08-29T09:37:04.440,1535506624440,59130104,coin_binance_BTC-USDT,,7069.89,0.016382,1,,115.81893798000002
2018-08-29T09:37:04.687,1535506624687,59130105,coin_binance_BTC-USDT,,7069.01,0.021192,-1,,149.80645992
2018-08-29T09:37:05.340,1535506625340,59130106,coin_binance_BTC-USDT,,7069.45,0.117791,1,,832.7175849500001
2018-08-29T09:37:05.358,1535506625358,59130107,coin_binance_BTC-USDT,,7069.01,0.028719,-1,,203.01489819000003
2018-08-29T09:37:05.618,1535506625618,59130108,coin_binance_BTC-USDT,,7070.6,0.006051,1,,42.7842006
2018-08-29T09:37:06.117,1535506626117,59130109,coin_binance_BTC-USDT,,7069.01,0.176788,-1,,1249.7161398800001
2018-08-29T09:37:06.145,1535506626145,59130110,coin_binance_BTC-USDT,,7069.0,0.61527,-1,,4349.34363
2018-08-29T09:37:06.167,1535506626167,59130111,coin_binance_BTC-USDT,,7069.0,0.303091,-1,,2142.550279
2018-08-29T09:37:06.244,1535506626244,59130112,coin_binance_BTC-USDT,,7069.01,0.176788,-1,,1249.7161398800001
2018-08-29T09:37:07.093,1535506627093,59130113,coin_binance_BTC-USDT,,7068.3,0.176788,-1,,1249.5906204
2018-08-29T09:37:07.093,1535506627093,59130114,coin_binance_BTC-USDT,,7068.29,0.02802,-1,,198.0534858
2018-08-29T09:37:07.093,1535506627093,59130115,coin_binance_BTC-USDT,,7068.28,0.003633,-1,,25.67906124
2018-08-29T09:37:07.093,1535506627093,59130116,coin_binance_BTC-USDT,,7068.01,0.097279,-1,,687.56894479
2018-08-29T09:37:08.568,1535506628568,59130117,coin_binance_BTC-USDT,,7068.02,0.011722,-1,,82.85133044
2018-08-29T09:37:09.118,1535506629118,59130118,coin_binance_BTC-USDT,,7068.59,0.319447,1,,2258.0398697299997
2018-08-29T09:37:09.130,1535506629130,59130119,coin_binance_BTC-USDT,,7068.02,0.051178,-1,,361.72712756000004
2018-08-29T09:37:09.140,1535506629140,59130120,coin_binance_BTC-USDT,,7069.17,0.019,1,,134.31423
2018-08-29T09:37:09.158,1535506629158,59130121,coin_binance_BTC-USDT,,7068.02,0.223166,-1,,1577.3417513200002
2018-08-29T09:37:09.186,1535506629186,59130122,coin_binance_BTC-USDT,,7068.02,0.005622,1,,39.736408440000005
2018-08-29T09:37:09.699,1535506629699,59130123,coin_binance_BTC-USDT,,7068.02,0.006085,1,,43.0089017
2018-08-29T09:37:10.091,1535506630091,59130124,coin_binance_BTC-USDT,,7068.01,0.30572,-1,,2160.8320172
2018-08-29T09:37:10.378,1535506630378,59130125,coin_binance_BTC-USDT,,7068.02,1.5e-05,1,,0.10602030000000001
2018-08-29T09:37:10.378,1535506630378,59130126,coin_binance_BTC-USDT,,7069.17,0.002448,1,,17.305328160000002
2018-08-29T09:37:11.932,1535506631932,59130127,coin_binance_BTC-USDT,,7068.01,0.484726,-1,,3426.0482152600002
2018-08-29T09:37:13.154,1535506633154,59130128,coin_binance_BTC-USDT,,7067.14,0.243297,1,,1719.41396058
2018-08-29T09:37:13.159,1535506633159,59130129,coin_binance_BTC-USDT,,7068.0,1e-06,1,,0.007068
2018-08-29T09:37:13.170,1535506633170,59130130,coin_binance_BTC-USDT,,7066.29,0.199422,-1,,1409.17368438
2018-08-29T09:37:14.522,1535506634522,59130131,coin_binance_BTC-USDT,,7068.0,0.006,1,,42.408
2018-08-29T09:37:15.334,1535506635334,59130132,coin_binance_BTC-USDT,,7067.14,0.27788,1,,1963.8168632000002
2018-08-29T09:37:15.351,1535506635351,59130133,coin_binance_BTC-USDT,,7066.29,0.195691,-1,,1382.80935639
2018-08-29T09:37:17.644,1535506637644,59130134,coin_binance_BTC-USDT,,7067.97,0.021,1,,148.42737000000002
2018-08-29T09:37:18.004,1535506638004,59130135,coin_binance_BTC-USDT,,7067.97,0.083939,1,,593.2783338300001
2018-08-29T09:37:19.300,1535506639300,59130136,coin_binance_BTC-USDT,,7067.12,0.081789,1,,578.01267768
2018-08-29T09:37:19.312,1535506639312,59130137,coin_binance_BTC-USDT,,7066.29,0.180621,-1,,1276.32036609
2018-08-29T09:37:19.328,1535506639328,59130138,coin_binance_BTC-USDT,,7066.29,0.028202,-1,,199.28351058
2018-08-29T09:37:19.789,1535506639789,59130139,coin_binance_BTC-USDT,,7067.96,0.055021,1,,388.88622716000003
2018-08-29T09:37:21.325,1535506641325,59130140,coin_binance_BTC-USDT,,7066.29,0.141458,-1,,999.58325082
2018-08-29T09:37:21.894,1535506641894,59130141,coin_binance_BTC-USDT,,7067.96,0.025,1,,176.699
2018-08-29T09:37:21.898,1535506641898,59130142,coin_binance_BTC-USDT,,7066.29,0.014141,-1,,99.92440689
2018-08-29T09:37:22.064,1535506642064,59130143,coin_binance_BTC-USDT,,7067.12,0.234403,1,,1656.55412936
2018-08-29T09:37:22.076,1535506642076,59130144,coin_binance_BTC-USDT,,7066.29,0.047069,-1,,332.60320401
2018-08-29T09:37:22.637,1535506642637,59130145,coin_binance_BTC-USDT,,7066.29,0.007035,1,,49.711350149999994
2018-08-29T09:37:23.123,1535506643123,59130146,coin_binance_BTC-USDT,,7066.29,0.015,1,,105.99435
2018-08-29T09:37:24.192,1535506644192,59130147,coin_binance_BTC-USDT,,7066.29,0.07,1,,494.6403
2018-08-29T09:37:24.619,1535506644619,59130148,coin_binance_BTC-USDT,,7066.28,0.001626,-1,,11.48977128
2018-08-29T09:37:25.136,1535506645136,59130149,coin_binance_BTC-USDT,,7066.28,7e-06,-1,,0.049463959999999994
2018-08-29T09:37:25.148,1535506645148,59130150,coin_binance_BTC-USDT,,7066.28,0.106199,1,,750.43186972
2018-08-29T09:37:25.164,1535506645164,59130151,coin_binance_BTC-USDT,,7066.29,0.046931,1,,331.62805599
2018-08-29T09:37:26.195,1535506646195,59130152,coin_binance_BTC-USDT,,7067.96,0.013,1,,91.88347999999999
2018-08-29T09:37:27.751,1535506647751,59130153,coin_binance_BTC-USDT,,7067.96,0.001933,1,,13.66236668
2018-08-29T09:37:28.199,1535506648199,59130154,coin_binance_BTC-USDT,,7067.13,0.306574,1,,2166.5983126200003
2018-08-29T09:37:28.209,1535506648209,59130155,coin_binance_BTC-USDT,,7066.31,0.255479,-1,,1805.2938124900002
2018-08-29T09:37:28.410,1535506648410,59130156,coin_binance_BTC-USDT,,7067.96,0.001992,1,,14.07937632
2018-08-29T09:37:28.440,1535506648440,59130157,coin_binance_BTC-USDT,,7067.96,0.011,1,,77.74756
2018-08-29T09:37:30.327,1535506650327,59130158,coin_binance_BTC-USDT,,7067.96,0.23356,1,,1650.7927376
2018-08-29T09:37:30.327,1535506650327,59130159,coin_binance_BTC-USDT,,7068.01,0.208284,1,,1472.15339484
2018-08-29T09:37:30.327,1535506650327,59130160,coin_binance_BTC-USDT,,7069.0,0.453392,1,,3205.028048
2018-08-29T09:37:30.327,1535506650327,59130161,coin_binance_BTC-USDT,,7069.17,0.034764,1,,245.75262588000004
2018-08-29T09:37:30.611,1535506650611,59130162,coin_binance_BTC-USDT,,7069.16,0.025795,1,,182.3489822
2018-08-29T09:37:31.659,1535506651659,59130163,coin_binance_BTC-USDT,,7066.33,0.176824,-1,,1249.49673592
2018-08-29T09:37:31.659,1535506651659,59130164,coin_binance_BTC-USDT,,7065.08,0.317824,-1,,2245.45198592
2018-08-29T09:37:31.659,1535506651659,59130165,coin_binance_BTC-USDT,,7064.97,0.03,-1,,211.9491
2018-08-29T09:37:31.659,1535506651659,59130166,coin_binance_BTC-USDT,,7064.0,0.060574,-1,,427.894736
2018-08-29T09:37:33.710,1535506653710,59130167,coin_binance_BTC-USDT,,7068.0,0.023,1,,162.564
2018-08-29T09:37:35.730,1535506655730,59130168,coin_binance_BTC-USDT,,7068.0,0.01,1,,70.68
2018-08-29T09:37:39.110,1535506659110,59130169,coin_binance_BTC-USDT,,7068.0,0.006,1,,42.408
2018-08-29T09:37:41.497,1535506661497,59130170,coin_binance_BTC-USDT,,7067.98,0.009,1,,63.611819999999994
2018-08-29T09:37:46.544,1535506666544,59130171,coin_binance_BTC-USDT,,7067.94,0.009,1,,63.611459999999994
2018-08-29T09:37:48.630,1535506668630,59130172,coin_binance_BTC-USDT,,7067.94,0.028,1,,197.90232
2018-08-29T09:37:50.636,1535506670636,59130173,coin_binance_BTC-USDT,,7067.92,0.005,1,,35.339600000000004
2018-08-29T09:37:55.091,1535506675091,59130174,coin_binance_BTC-USDT,,7066.47,0.243549,1,,1721.03170203
2018-08-29T09:37:55.106,1535506675106,59130175,coin_binance_BTC-USDT,,7065.02,0.117092,-1,,827.25732184
2018-08-29T09:37:55.128,1535506675128,59130176,coin_binance_BTC-USDT,,7067.92,0.016,1,,113.08672
2018-08-29T09:37:55.855,1535506675855,59130177,coin_binance_BTC-USDT,,7065.03,0.006,-1,,42.39018
2018-08-29T09:37:57.132,1535506677132,59130178,coin_binance_BTC-USDT,,7067.92,0.00848,1,,59.9359616
