timestamp,price,volume,turnover,direction
15:00:03,31.26,61,190686,1
14:57:03,31.14,0,0,-1
14:56:15,31.14,1,3114,-1
14:55:48,31.14,2,6228,0
14:55:18,31.12,12,37344,-1
14:55:00,31.14,7,21798,-1
14:53:54,31.14,1,3114,1
14:53:33,31.14,8,24912,1
14:53:30,31.14,14,43596,0
14:53:09,31.17,1,3117,-1
14:52:27,31.18,8,24944,0
14:52:12,31.28,20,62560,1
14:51:18,31.17,3,9351,-1
14:51:15,31.28,29,90712,1
14:50:27,31.12,17,52904,1
14:49:45,31.12,38,118256,-1
14:49:36,31.18,3,9354,1
14:49:15,31.18,1,3118,-1
14:49:06,31.17,21,65457,1
14:48:51,31.17,3,9351,1
14:48:09,31.17,6,18702,-1
14:47:54,31.28,7,21896,1
14:47:51,31.28,5,15640,1
14:47:42,31.27,30,93810,-1
14:47:36,31.28,7,21896,1
14:47:27,31.28,12,37536,1
14:46:51,31.28,12,37536,1
14:46:42,31.27,1,3127,1
14:46:36,31.25,1,3125,-1
14:45:51,31.28,10,31280,-1
14:45:48,31.28,2,6256,-1
14:45:39,31.28,48,150144,1
14:45:33,31.27,46,143842,1
14:45:00,31.25,15,47656,1
14:44:48,31.25,10,31250,1
14:44:42,31.25,11,34375,1
14:44:39,31.25,26,81250,1
14:44:24,31.25,1,3125,1
14:44:09,31.25,68,212500,1
14:44:03,31.22,2,6244,1
14:43:33,31.2,1,3120,-1
14:43:30,31.22,18,56196,1
14:43:15,31.2,46,143520,1
14:43:12,31.17,18,56106,1
14:43:03,31.17,2,6234,1
14:42:42,31.15,2,6230,1
14:41:09,31.14,10,31140,-1
14:40:54,31.14,6,18684,1
14:40:27,31.14,1,3114,1
14:40:15,31.13,3,9339,0
14:39:27,31.13,6,18678,1
14:39:00,31.13,28,87164,1
14:36:54,31.13,13,40469,-1
14:35:36,31.14,2,6228,-1
14:35:21,31.15,3,9345,1
14:35:12,31.15,10,31150,1
14:34:39,31.15,1,3115,1
14:34:30,31.15,3,9345,1
14:34:27,31.15,8,24920,1
14:34:21,31.15,10,31150,1
14:33:48,31.14,3,9342,-1
14:33:30,31.14,2,6228,-1
14:32:18,31.14,4,12456,1
14:32:06,31.14,10,31140,1
14:31:30,31.14,12,37368,1
14:31:03,31.14,2,6228,1
14:30:12,31.14,10,31140,1
14:29:48,31.14,30,93420,1
14:28:24,31.14,4,12456,1
14:27:48,31.12,2,6224,1
14:27:39,31.12,16,49792,1
14:26:57,31.12,4,12448,1
14:26:51,31.12,4,12448,-1
14:26:48,31.12,1,3112,1
14:26:45,31.12,1,3112,1
14:26:30,31.12,1,3112,1
14:26:27,31.12,5,15560,1
14:26:03,31.12,27,84024,1
14:25:33,31.06,2,6212,-1
14:25:21,31.1,14,43540,1
14:25:00,31.06,10,31060,-1
14:24:57,31.1,26,80860,1
14:23:27,31.1,10,31100,1
14:23:21,31.09,6,18654,-1
14:23:03,31.09,3,9327,-1
14:22:30,31.1,4,12440,0
14:22:00,31.1,5,15550,1
14:21:48,31.1,10,31100,-1
14:20:39,31.12,4,12448,1
14:20:33,31.1,5,15550,-1
14:19:57,31.12,2,6224,1
14:19:54,31.1,1,3110,0
14:18:30,31.14,6,18684,1
14:18:21,31.12,9,28008,-1
14:17:57,31.14,27,84078,1
14:17:54,31.12,30,93360,-1
14:17:33,31.14,2,6228,1
14:12:54,31.09,1,3109,-1
14:12:12,31.15,1,3115,1
14:11:27,31.15,13,40495,-1
14:11:21,31.15,2,6230,-1
14:11:15,31.15,9,28035,-1
14:11:06,31.15,20,62300,-1
14:10:54,31.15,40,124600,-1
14:10:51,31.15,10,31150,-1
14:10:27,31.15,20,62300,-1
14:10:00,31.16,10,31160,-1
14:08:48,31.16,4,12464,-1
14:08:42,31.16,3,9348,1
14:07:39,31.16,2,6232,1
14:07:15,31.16,45,140220,-1
14:06:48,31.18,10,31180,1
14:05:51,31.16,7,21812,-1
14:05:42,31.16,1,3116,-1
14:03:15,31.16,5,15580,1
14:03:09,31.15,47,146405,-1
14:02:48,31.15,10,31150,-1
14:01:21,31.15,8,24920,-1
13:58:51,31.16,18,56088,-1
13:58:36,31.17,23,71691,1
13:57:18,31.17,12,37404,1
13:55:15,31.16,2,6232,-1
13:53:39,31.16,20,62320,-1
13:53:33,31.16,4,12464,-1
13:53:18,31.16,5,15580,-1
13:52:51,31.17,2,6234,-1
13:52:36,31.18,1,3118,1
13:51:45,31.17,1,3117,-1
13:51:24,31.17,1,3117,-1
13:51:18,31.17,1,3117,1
13:51:06,31.17,4,12468,-1
13:50:00,31.18,1,3118,1
13:49:36,31.17,1,3117,-1
13:48:30,31.18,1,3118,1
13:48:06,31.17,6,18702,-1
13:44:18,31.17,5,15585,-1
13:43:51,31.17,3,9351,1
13:41:09,31.16,2,6232,-1
13:40:51,31.16,30,93480,-1
13:40:42,31.17,10,31170,-1
13:40:30,31.17,3,9351,-1
13:40:21,31.17,4,12468,0
13:39:33,31.16,7,21812,-1
13:39:12,31.17,1,3117,0
13:38:15,31.16,1,3116,-1
13:37:54,31.16,23,71668,-1
13:37:48,31.17,10,31170,-1
13:37:42,31.17,9,28053,1
13:37:27,31.16,1,3116,-1
13:36:12,31.16,5,15580,-1
13:36:03,31.17,1,3117,-1
13:35:45,31.17,2,6234,-1
13:35:39,31.17,3,9351,-1
13:34:54,31.17,4,12468,-1
13:33:51,31.16,6,18696,-1
13:31:48,31.16,4,12464,-1
13:30:42,31.16,1,3116,-1
13:30:24,31.16,12,37392,-1
13:30:06,31.16,2,6232,-1
13:30:00,31.16,19,59204,-1
13:29:18,31.16,1,3116,-1
13:29:12,31.16,20,62320,-1
13:28:27,31.16,4,12464,-1
13:27:09,31.17,2,6234,-1
13:26:09,31.18,1,3118,0
13:25:36,31.17,6,18702,-1
13:24:54,31.17,5,15585,1
13:24:33,31.17,5,15585,-1
13:24:24,31.17,7,21819,-1
13:24:15,31.17,2,6234,-1
13:23:09,31.17,6,18702,-1
13:22:57,31.19,9,28071,-1
13:21:54,31.21,4,14824,-1
13:21:18,31.22,5,15610,1
13:20:33,31.21,2,6242,-1
13:19:45,31.21,3,10143,1
13:18:33,31.21,2,6242,1
13:18:27,31.19,5,15595,-1
13:18:24,31.21,2,8582,-1
13:18:12,31.21,1,3121,-1
13:18:03,31.21,2,6242,-1
13:17:33,31.21,1,3121,-1
13:16:51,31.21,3,10143,1
13:16:18,31.2,6,18720,-1
13:16:00,31.2,6,18720,1
13:12:57,31.19,1,3119,-1
13:10:51,31.19,3,9357,-1
13:08:24,31.19,8,24952,-1
13:08:21,31.2,2,6240,1
13:08:18,31.19,12,37428,-1
13:07:54,31.19,23,71737,-1
13:06:42,31.19,6,18714,-1
13:06:21,31.19,10,31190,-1
13:05:39,31.19,3,9357,-1
13:02:27,31.21,2,6242,1
13:00:06,31.21,9,30429,-1
13:00:03,31.21,1,3121,-1
11:30:03,31.21,0,0,-1
11:29:51,31.21,1,3121,-1
11:29:21,31.22,1,3122,1
11:29:06,31.21,2,6242,-1
11:28:57,31.22,8,24976,1
11:28:42,31.21,21,65541,-1
11:27:45,31.21,1,3901,1
11:27:06,31.21,15,49155,-1
11:27:00,31.22,1,3122,-1
11:26:27,31.22,5,15610,-1
11:26:24,31.24,2,6248,1
11:26:21,31.22,8,24976,-1
11:25:57,31.22,2,6244,-1
11:25:54,31.22,10,31220,-1
11:25:42,31.22,38,119416,1
11:25:39,31.21,25,78025,-1
11:25:15,31.21,5,15605,0
11:24:21,31.19,61,190259,-1
11:24:15,31.22,14,43708,1
11:24:06,31.2,48,149760,0
11:23:33,31.2,2,6240,-1
11:23:18,31.2,8,24960,1
11:23:09,31.2,11,34320,-1
11:22:27,31.22,10,31220,1
11:21:39,31.19,8,24952,-1
11:21:21,31.19,10,31190,-1
11:21:00,31.2,6,18720,-1
11:20:39,31.22,40,124880,1
11:20:33,31.2,5,15600,1
11:20:24,31.19,25,77975,-1
11:20:15,31.19,34,106046,1
11:19:45,31.16,25,77900,-1
11:19:24,31.16,11,34276,1
11:19:06,31.15,21,65415,0
11:17:09,31.09,1,3109,-1
11:16:00,31.09,25,77725,-1
11:15:12,31.09,17,52853,-1
11:15:09,31.09,1,3109,0
11:14:09,31.09,1,3109,1
11:13:21,31.08,8,24864,1
11:13:15,31.07,4,12428,-1
11:13:03,31.07,1,3107,-1
11:12:03,31.07,6,18642,1
11:10:30,31.07,10,31070,1
11:09:00,31.0,2,6200,1
11:08:36,31.0,3,9300,0
11:01:33,30.98,2,6196,0
10:59:00,30.96,37,114552,0
10:56:03,30.95,20,61900,-1
10:55:36,30.95,1,3095,-1
10:55:21,31.01,5,15505,1
10:55:06,31.01,26,80626,-1
10:54:48,31.01,9,27909,-1
10:54:27,31.04,1,3104,1
10:54:21,31.04,2,6208,1
10:54:18,31.03,10,31030,-1
10:54:00,31.04,5,15520,1
10:52:42,31.04,1,3104,1
10:51:39,31.03,10,31030,-1
10:51:18,31.04,4,12416,1
10:51:12,31.04,5,15520,1
10:50:03,31.04,10,31040,1
10:49:03,31.04,12,37248,-1
10:47:06,31.04,1,3104,-1
10:45:57,31.1,10,31100,1
10:44:12,31.1,9,27990,1
10:43:00,31.03,1,3103,0
10:42:33,31.02,6,18612,-1
10:42:15,31.02,16,49632,1
10:42:06,31.01,4,12404,1
10:41:51,31.01,1,3101,-1
10:40:21,31.01,10,31010,-1
10:40:12,31.01,5,15505,-1
10:40:00,31.01,1,3101,-1
10:39:57,31.01,1,3101,0
10:39:27,31.0,2,6200,-1
10:39:21,31.0,5,15500,1
10:39:06,31.0,1,3100,-1
10:36:42,31.08,16,49728,-1
10:36:39,31.08,3,9324,0
10:35:36,31.07,2,6214,-1
10:35:24,31.07,33,102531,1
10:35:21,31.02,1,3102,-1
10:34:39,31.02,14,43428,-1
10:34:00,31.05,1,3105,1
10:33:21,31.05,1,3105,1
10:33:18,31.05,2,6210,-1
10:32:33,31.05,10,31050,-1
10:32:30,31.07,4,12428,1
10:32:27,31.06,3,9318,-1
10:31:12,31.07,1,3107,0
10:27:06,31.1,1,3110,1
10:26:09,31.06,1,3106,0
10:19:09,31.05,1,3105,1
10:18:24,31.05,4,12420,-1
10:17:03,31.19,22,68618,1
10:16:57,31.19,30,93570,1
10:16:42,31.05,2,6210,0
10:14:33,31.03,10,31030,0
10:10:57,31.02,1,3102,0
10:07:21,31.01,3,9303,1
10:07:09,31.01,7,21707,-1
10:06:57,31.01,26,80626,-1
10:06:54,31.14,2,6228,0
10:06:09,31.01,1,3101,0
10:05:45,31.1,9,27990,-1
10:05:06,31.1,1,3110,1
10:04:39,31.0,1,3100,1
10:04:33,31.0,5,15500,1
10:04:18,31.0,10,31000,1
10:04:15,30.95,1,3095,-1
10:03:54,31.0,6,18600,1
10:03:33,31.0,4,12400,1
10:02:57,30.91,13,40183,-1
10:02:36,30.91,1,3091,0
10:02:12,31.02,4,12408,-1
10:02:09,31.03,4,12412,-1
10:01:18,31.11,5,15555,-1
10:00:09,31.16,3,9348,0
09:58:33,31.16,1,3116,-1
09:58:30,31.16,2,6232,1
09:58:21,31.16,1,3116,0
09:57:39,31.19,2,6238,1
09:57:06,31.12,13,40456,1
09:56:54,31.12,7,21784,-1
09:55:54,31.12,1,3112,-1
09:55:03,31.19,6,18714,-1
09:54:48,31.19,14,43666,1
09:54:09,31.19,3,9357,1
09:54:06,31.15,5,15575,0
09:52:45,31.2,1,3120,-1
09:52:27,31.2,1,3120,1
09:52:03,31.18,3,9354,-1
09:51:12,31.22,12,37464,0
09:49:39,31.23,30,93690,1
09:49:36,31.15,2,6230,0
09:49:09,31.18,2,6236,0
09:48:24,31.18,21,65478,-1
09:48:21,31.28,16,50048,-1
09:48:03,31.28,10,31280,-1
09:48:00,31.28,3,9384,-1
09:47:45,31.2,31,96720,1
09:47:42,31.18,7,21826,1
09:47:30,31.18,33,102894,1
09:47:27,31.16,5,15580,0
09:47:09,31.0,2,6200,-1
09:46:42,31.0,1,3100,1
09:46:33,30.99,10,30990,1
09:46:15,30.99,8,24792,1
09:46:09,30.99,20,61980,1
09:46:03,30.96,27,83592,1
09:45:48,30.95,15,46425,1
09:45:27,30.92,9,27828,1
09:44:57,30.91,20,61820,1
09:44:45,30.91,40,123640,-1
09:44:39,30.91,60,185460,-1
09:44:36,30.92,6,18552,1
09:44:24,30.92,20,61840,1
09:44:15,30.91,5,15455,-1
09:44:06,30.91,1,3091,0
09:43:12,30.92,5,15460,1
09:43:00,30.9,30,92700,-1
09:42:51,30.91,15,46365,-1
09:42:39,30.91,13,40183,-1
09:42:33,30.92,28,86576,1
09:42:30,30.91,5,15455,1
09:41:39,30.9,10,30900,1
09:41:30,30.87,4,12348,-1
09:41:27,30.9,2,6180,1
09:41:12,30.87,1,3087,0
09:39:36,30.85,8,24680,-1
09:39:03,30.9,3,9270,1
09:38:42,30.85,9,27765,1
09:37:54,30.84,3,9252,-1
09:36:57,30.84,2,6168,0
09:36:18,30.91,7,21637,0
09:35:18,30.92,15,46380,1
09:35:03,30.92,15,46380,1
09:34:33,30.83,30,92490,-1
09:34:24,30.93,18,55674,-1
09:34:21,30.93,13,40209,1
09:34:03,30.83,3,9249,0
09:33:30,30.82,2,6164,0
09:32:39,30.81,1,3081,-1
09:30:12,30.96,1,3096,0
09:30:03,30.8,0,0,-1
09:25:03,30.8,5,15400,1
