timestamp,price,volume,turnover,direction
15:00:03,30.81,91,280371,1
14:57:03,30.81,0,0,-1
14:56:45,30.81,10,30810,0
14:55:09,30.84,24,74016,-1
14:55:06,30.84,4,12336,-1
14:54:54,30.86,28,86408,1
14:54:30,30.84,8,24672,-1
14:53:48,30.85,3,9255,0
14:53:30,30.86,2,6172,1
14:53:03,30.84,15,46260,-1
14:52:45,30.84,13,40092,-1
14:52:39,30.84,5,15420,-1
14:52:27,30.86,3,9258,-1
14:52:06,30.86,7,21602,-1
14:51:57,30.86,2,6172,-1
14:51:15,30.86,9,27774,1
14:51:12,30.84,15,46260,-1
14:50:27,30.84,20,61680,1
14:50:12,30.8,11,35050,1
14:49:39,30.79,2,6158,1
14:49:33,30.77,8,24616,0
14:48:45,30.76,1,3076,1
14:48:36,30.75,4,12300,-1
14:48:33,30.75,4,12300,1
14:48:21,30.75,1,3075,1
14:48:15,30.75,3,9225,1
14:47:51,30.75,3,9225,1
14:46:48,30.75,2,6150,1
14:46:36,30.75,3,9225,-1
14:46:24,30.77,1,3077,1
14:45:57,30.76,4,12304,1
14:45:24,30.76,4,12304,-1
14:44:42,30.76,15,46140,-1
14:44:24,30.77,1,3077,0
14:43:36,30.76,5,15380,-1
14:42:45,30.76,2,6152,-1
14:42:33,30.8,2,6160,1
14:41:03,30.8,7,23469,-1
14:40:33,30.8,3,9240,-1
14:40:09,30.8,15,46200,-1
14:39:57,30.81,10,30810,-1
14:38:42,30.85,8,24680,-1
14:38:06,30.85,15,46275,1
14:36:57,30.8,1,3080,-1
14:36:48,30.8,1,3080,-1
14:36:18,30.84,2,6168,0
14:35:36,30.8,50,155170,-1
14:35:00,30.86,16,49376,1
14:34:42,30.85,1,3085,0
14:33:21,30.81,1,3081,-1
14:32:33,30.81,8,24648,1
14:31:54,30.81,1,3081,-1
14:30:54,30.86,3,9258,1
14:30:33,30.86,8,24688,1
14:28:45,30.81,2,6162,1
14:28:24,30.81,5,15405,1
14:28:18,30.8,10,30800,-1
14:28:03,30.81,3,9243,1
14:27:48,30.8,3,9240,-1
14:26:54,30.8,5,15400,-1
14:26:12,30.8,1,3080,-1
14:26:09,30.8,3,9240,-1
14:26:03,30.8,5,15400,-1
14:25:18,30.8,2,6160,-1
14:25:09,30.8,3,9240,-1
14:23:06,30.8,10,30800,-1
14:23:00,30.8,5,15400,-1
14:22:39,30.8,5,15400,-1
14:22:06,30.8,1,3080,1
14:21:54,30.8,3,9240,-1
14:20:24,30.9,36,111240,-1
14:20:03,30.9,6,18540,-1
14:19:21,30.9,2,6180,-1
14:18:54,30.9,31,95790,1
14:17:09,30.9,5,15450,1
14:16:51,30.85,10,30850,-1
14:16:36,30.85,2,6170,-1
14:16:06,30.85,18,55530,1
14:16:03,30.8,1,3080,-1
14:15:42,30.85,10,30850,1
14:15:33,30.8,2,6160,-1
14:15:15,30.85,1,3085,-1
14:15:09,30.85,3,9255,-1
14:15:06,30.85,1,3085,-1
14:14:39,30.85,1,3085,-1
14:14:24,30.85,8,24680,1
14:14:21,30.85,2,6170,-1
14:13:48,30.85,3,9255,-1
14:13:18,30.85,20,61700,0
14:12:06,30.8,2,6160,-1
14:11:18,30.8,2,6160,0
14:07:30,30.79,3,9237,-1
14:06:42,30.93,1,3093,-1
14:06:33,30.93,9,27837,-1
14:06:15,30.93,4,12372,1
14:05:51,30.93,1,3093,0
14:04:24,30.79,5,15395,-1
14:01:54,30.96,65,201240,1
13:59:09,30.77,22,67694,-1
13:57:18,30.82,9,27738,1
13:55:36,30.82,5,15410,-1
13:55:06,30.85,10,30850,-1
13:54:12,30.87,5,15435,1
13:53:42,30.87,1,3087,-1
13:50:33,30.96,32,99072,-1
13:50:24,30.98,2,6196,1
13:50:00,30.96,5,15480,-1
13:49:33,30.98,7,21686,1
13:47:51,30.96,14,43344,1
13:47:12,30.95,1,3095,-1
13:45:03,30.98,2,6196,-1
13:45:00,30.98,3,9294,1
13:44:09,30.98,40,123920,1
13:43:54,30.96,1,3096,1
13:43:36,30.95,2,6190,-1
13:43:09,30.95,8,24760,1
13:42:42,30.95,2,6190,1
13:42:24,30.87,1,3087,0
13:41:09,30.86,5,15430,-1
13:40:45,30.86,1,3086,-1
13:40:27,30.86,3,9258,-1
13:38:33,30.86,1,3086,1
13:37:27,30.84,5,15420,-1
13:37:03,30.86,1,3086,-1
13:36:48,30.9,5,15450,-1
13:36:42,30.9,4,12360,-1
13:36:33,30.9,6,18540,-1
13:36:30,30.91,4,12364,-1
13:36:24,30.91,10,30910,-1
13:35:45,30.91,2,6182,-1
13:34:51,30.97,8,24776,1
13:34:42,30.96,10,30960,1
13:34:27,30.95,7,21665,1
13:33:54,30.95,3,9285,1
13:33:51,30.95,8,24760,1
13:30:42,30.9,5,15450,-1
13:27:06,30.9,3,9270,-1
13:27:03,30.9,7,21630,1
13:26:48,30.86,11,33946,-1
13:25:12,30.9,3,9270,0
13:20:36,30.96,20,61920,1
13:19:03,30.85,1,3085,-1
13:16:00,30.95,1,3095,0
13:13:18,30.96,1,3096,-1
13:13:03,30.96,1,3096,-1
13:12:39,30.96,3,9288,0
13:09:48,30.86,2,6172,-1
13:08:48,30.98,3,9294,0
13:08:03,30.99,1,3099,0
13:07:30,31.03,20,62060,1
13:06:51,30.99,30,92970,1
13:02:45,30.94,19,58786,-1
13:02:30,30.94,1,3094,-1
13:02:24,30.94,3,9282,-1
13:01:48,30.94,4,12376,-1
13:00:36,30.96,6,18576,1
13:00:09,30.92,3,9276,1
13:00:03,30.85,0,0,-1
11:30:03,30.85,0,0,-1
11:29:24,30.85,2,6170,1
11:28:51,30.85,11,33935,-1
11:28:48,30.85,1,3085,0
11:24:39,30.82,1,3082,1
11:24:03,30.82,1,3082,0
11:17:21,30.81,5,15405,-1
11:14:18,30.81,1,3235,0
11:09:57,30.8,15,46200,-1
11:09:27,30.89,1,3089,-1
11:08:33,30.93,1,3093,1
11:06:48,30.89,1,3089,-1
11:04:39,30.92,10,30920,1
11:04:33,30.89,1,3089,1
11:04:21,30.89,8,24712,1
11:03:57,30.89,7,21623,1
11:03:54,30.8,11,33880,-1
11:01:51,30.88,10,30880,1
10:59:33,30.81,5,15405,0
10:51:54,30.8,1,3080,-1
10:51:33,30.8,13,40040,-1
10:51:18,30.81,1,3081,-1
10:50:45,30.87,1,3087,0
10:48:36,30.8,1,3080,1
10:48:03,30.8,4,12320,0
10:47:39,30.75,6,18450,1
10:42:30,30.74,3,9222,1
10:41:42,30.74,26,79924,0
10:41:03,30.88,15,46320,0
10:39:12,30.89,15,46335,1
10:38:30,30.7,3,9210,0
10:37:33,30.68,9,27612,-1
10:37:21,30.7,9,27630,-1
10:35:36,30.7,3,9210,-1
10:35:12,30.68,3,9204,-1
10:35:09,30.68,3,9204,0
10:34:51,30.67,9,27603,-1
10:34:33,30.68,9,27612,0
10:33:03,30.63,14,42882,-1
10:32:57,30.72,16,49152,-1
10:32:51,30.82,20,61640,-1
10:32:33,30.83,1,3083,0
10:32:18,30.82,7,21574,-1
10:32:12,30.82,8,24656,-1
10:32:06,30.82,10,30820,-1
10:31:54,30.82,8,24656,-1
10:31:48,30.82,10,30820,-1
10:31:42,30.85,2,6170,1
10:31:39,30.82,7,21574,-1
10:31:21,30.85,13,40105,-1
10:31:15,30.85,10,30850,-1
10:30:54,30.86,1,3086,-1
10:30:21,30.86,2,6172,0
10:30:15,30.85,6,18510,-1
10:29:45,30.98,1,3098,1
10:28:54,30.98,2,6196,1
10:27:48,30.98,5,15490,0
10:27:30,30.86,5,15430,-1
10:26:45,30.97,1,3097,-1
10:25:36,30.98,2,6196,0
10:25:00,30.99,1,3099,-1
10:24:27,31.0,1,3100,1
10:23:54,30.99,7,21693,1
10:23:42,30.97,1,3097,0
10:22:27,30.99,3,9297,0
10:20:45,30.84,16,49344,-1
10:19:45,31.04,3,9312,-1
10:19:39,31.04,1,3104,0
10:18:06,31.01,5,15505,1
10:17:42,31.0,1,3100,-1
10:17:39,31.0,12,37200,1
10:17:36,31.0,9,27900,-1
10:17:09,30.97,1,3097,1
10:17:00,30.92,5,15460,1
10:16:18,30.86,11,33946,1
10:15:57,30.82,12,36984,-1
10:15:30,30.84,5,15420,1
10:15:18,30.82,15,46230,-1
10:15:15,30.84,3,9252,1
10:15:03,30.82,6,18492,-1
10:14:57,30.82,2,6164,-1
10:14:51,30.83,10,30830,1
10:14:33,30.83,1,3083,-1
10:14:06,30.84,9,27756,1
10:13:51,30.84,5,15420,1
10:13:21,30.83,3,9249,-1
10:13:15,30.83,1,3083,0
10:09:45,30.78,1,3078,-1
10:09:27,30.84,6,18504,-1
10:09:18,30.84,20,61680,-1
10:08:45,30.84,30,92520,-1
10:08:39,30.84,14,43176,1
10:08:18,30.79,1,3079,-1
10:08:12,30.79,2,6158,1
10:07:12,30.78,10,30780,1
10:05:39,30.78,8,24624,1
10:05:18,30.77,4,12308,1
10:04:24,30.74,22,67628,1
10:02:45,30.74,2,6148,1
10:02:30,30.7,2,6140,-1
10:02:00,30.73,7,21511,-1
10:01:48,30.73,2,6146,-1
10:01:00,30.74,10,30740,1
09:59:39,30.74,2,6148,-1
09:58:18,30.78,12,36936,-1
09:58:03,30.78,1,3078,-1
09:57:30,30.79,3,9237,-1
09:56:33,30.79,13,40027,0
09:55:54,30.78,6,18468,1
09:55:15,30.78,1,3078,-1
09:54:51,30.84,1,3084,1
09:53:51,30.84,8,24672,0
09:50:48,30.85,5,15425,1
09:50:27,30.78,1,3078,-1
09:50:21,30.85,1,3085,1
09:50:18,30.78,11,33858,1
09:50:12,30.78,2,6156,1
09:50:06,30.78,1,3078,1
09:49:12,30.8,1,3080,-1
09:48:27,30.85,2,6170,0
09:45:45,30.86,2,6172,1
09:44:18,30.8,2,6160,1
09:43:51,30.8,2,6160,1
09:43:42,30.86,2,6172,0
09:42:45,30.69,7,21483,0
09:42:36,30.87,4,12348,1
09:42:12,30.69,7,21483,0
09:41:06,30.72,5,15360,1
09:41:03,30.72,1,3072,1
09:39:54,30.71,2,6142,-1
09:39:48,30.72,4,12288,1
09:39:33,30.72,1,3072,1
09:39:12,30.72,3,9216,-1
09:39:00,30.72,3,9216,1
09:38:45,30.72,3,9216,-1
09:37:36,30.72,1,3072,0
09:37:09,30.88,2,6176,-1
09:37:03,30.88,1,3088,-1
09:36:39,30.88,4,12352,-1
09:34:33,30.88,1,3088,-1
09:34:09,30.94,1,3094,-1
09:34:06,30.94,2,6188,1
09:34:00,30.92,4,12368,-1
09:33:42,30.92,2,6184,-1
09:33:39,30.92,1,3092,-1
09:33:30,30.92,10,30920,-1
09:33:24,30.92,6,18552,0
09:31:09,30.6,1,3060,0
09:30:36,30.56,2,6112,-1
09:30:06,30.56,6,18336,1
