timestamp,price,volume,turnover,direction
15:00:03,31.37,36,112932,1
14:57:03,31.37,0,0,-1
14:56:54,31.37,6,18822,-1
14:56:45,31.37,3,9411,-1
14:55:33,31.37,14,43918,1
14:55:15,31.36,3,9408,-1
14:54:57,31.37,9,28233,-1
14:54:51,31.38,2,6276,1
14:54:39,31.38,9,28242,-1
14:53:51,31.39,14,43946,-1
14:53:33,31.43,6,18858,1
14:53:15,31.4,5,15700,0
14:53:03,31.43,4,12572,0
14:52:09,31.44,14,44016,-1
14:51:48,31.44,8,25152,1
14:51:30,31.39,1,3139,0
14:51:03,31.38,28,87864,-1
14:51:00,31.39,4,12556,1
14:50:54,31.39,10,31390,1
14:50:27,31.39,8,25112,1
14:49:42,31.39,5,15695,1
14:48:54,31.39,5,15695,-1
14:48:48,31.39,3,9417,-1
14:47:54,31.39,1,3139,-1
14:47:36,31.4,9,28260,1
14:47:12,31.4,4,12560,1
14:46:51,31.4,20,62800,-1
14:45:51,31.42,44,138248,-1
14:45:30,31.43,3,9429,0
14:44:24,31.45,5,15725,0
14:43:06,31.45,2,6290,-1
14:42:18,31.45,10,31450,-1
14:41:57,31.46,5,15730,1
14:41:51,31.45,1,3145,-1
14:41:06,31.45,1,3145,-1
14:40:00,31.46,2,6292,1
14:39:57,31.45,6,18870,-1
14:39:54,31.46,14,44044,-1
14:39:06,31.48,5,15740,-1
14:38:39,31.48,1,3148,-1
14:38:21,31.48,2,6296,1
14:37:54,31.5,100,315000,1
14:37:33,31.48,2,6296,-1
14:37:24,31.48,4,12592,-1
14:37:00,31.48,5,15740,-1
14:36:57,31.49,5,15745,0
14:36:27,31.48,12,37776,1
14:35:45,31.46,10,31460,-1
14:35:36,31.48,13,40924,1
14:35:24,31.48,2,6296,0
14:33:21,31.46,6,18876,-1
14:33:06,31.5,3,9450,1
14:33:03,31.47,6,18882,1
14:33:00,31.47,1,3147,1
14:32:48,31.46,4,12584,-1
14:32:03,31.48,1,3148,-1
14:31:33,31.47,12,37764,-1
14:31:12,31.5,5,15750,1
14:30:57,31.5,5,15750,-1
14:30:42,31.51,11,34661,-1
14:30:27,31.51,1,3151,-1
14:30:15,31.51,8,25208,-1
14:30:03,31.52,3,9456,-1
14:29:36,31.52,5,15760,-1
14:28:33,31.54,15,47310,-1
14:28:21,31.54,7,22078,-1
14:28:18,31.55,5,15775,1
14:27:42,31.55,10,31550,1
14:27:18,31.54,1,3154,-1
14:27:15,31.54,3,9462,-1
14:27:09,31.55,2,6310,1
14:26:51,31.55,14,44170,-1
14:26:36,31.55,3,9465,-1
14:26:21,31.57,10,31570,1
14:25:57,31.56,2,6312,1
14:25:45,31.55,1,3155,-1
14:25:27,31.55,2,6310,-1
14:25:21,31.55,2,6310,-1
14:25:18,31.55,8,25240,1
14:25:03,31.54,2,6308,-1
14:25:00,31.54,4,12616,1
14:24:36,31.54,8,25232,-1
14:24:33,31.54,4,12616,-1
14:24:09,31.54,9,28386,1
14:23:48,31.54,2,6308,1
14:23:24,31.54,4,12616,1
14:23:03,31.52,12,37824,-1
14:22:57,31.53,5,15765,1
14:22:51,31.53,18,56754,1
14:22:45,31.5,5,15750,0
14:22:30,31.52,4,12608,0
14:21:36,31.5,29,91350,1
14:21:24,31.5,10,31500,1
14:20:51,31.49,3,9447,1
14:20:42,31.49,2,6298,1
14:20:36,31.49,14,44086,-1
14:20:27,31.5,20,63000,1
14:20:09,31.5,20,63000,1
14:20:00,31.49,5,15745,0
14:19:24,31.5,1,3150,1
14:18:54,31.5,7,22050,1
14:18:27,31.49,6,18894,1
14:18:21,31.49,10,31490,1
14:18:12,31.46,4,12584,-1
14:18:06,31.49,30,94470,1
14:18:03,31.48,34,107032,1
14:18:00,31.48,2,6296,-1
14:17:48,31.48,28,88144,1
14:17:45,31.46,7,22022,1
14:17:36,31.46,7,22022,1
14:17:15,31.46,5,15730,1
14:17:06,31.44,5,15720,1
14:16:54,31.44,8,25152,1
14:16:45,31.4,8,25120,0
14:16:42,31.38,4,12552,1
14:16:39,31.38,8,25104,1
14:16:36,31.38,3,9414,1
14:15:54,31.38,2,6276,-1
14:14:54,31.43,3,9429,-1
14:14:09,31.44,6,18864,-1
14:13:00,31.46,1,3146,1
14:12:57,31.46,2,6292,0
14:12:42,31.46,10,31460,1
14:12:39,31.46,3,9438,1
14:12:03,31.46,2,6292,0
14:11:57,31.48,3,9444,1
14:11:15,31.46,11,34606,1
14:11:06,31.46,20,62920,1
14:10:57,31.43,3,9429,-1
14:10:51,31.45,13,40885,1
14:10:33,31.43,5,15715,-1
14:10:06,31.45,17,53465,-1
14:10:00,31.46,2,6292,0
14:09:36,31.45,2,6290,-1
14:09:27,31.45,4,12580,-1
14:09:18,31.45,8,25160,-1
14:09:15,31.45,5,15725,1
14:09:12,31.45,30,94350,1
14:09:06,31.45,3,9435,1
14:08:57,31.45,40,125800,1
14:08:45,31.45,14,44030,1
14:08:42,31.45,1,3145,1
14:08:30,31.45,30,94350,1
14:08:12,31.42,3,9426,1
14:08:03,31.42,1,3142,1
14:07:15,31.41,12,37692,-1
14:07:09,31.41,4,12564,1
14:07:06,31.41,12,37692,1
14:06:48,31.4,34,106760,1
14:06:39,31.39,8,25112,1
14:06:30,31.37,4,12548,1
14:06:27,31.37,7,21959,1
14:06:12,31.35,11,34485,1
14:06:06,31.35,4,12540,0
14:05:39,31.35,2,6270,-1
14:04:15,31.35,17,53295,1
14:04:00,31.32,7,21924,-1
14:02:27,31.32,3,9396,1
14:02:03,31.32,4,12528,-1
14:01:57,31.35,1,3135,1
14:00:03,31.35,2,6270,-1
13:58:45,31.35,10,31350,-1
13:57:24,31.35,2,6270,-1
13:55:57,31.35,2,6270,-1
13:55:12,31.35,5,15675,-1
13:54:03,31.35,3,9405,-1
13:53:30,31.35,28,87780,1
13:53:00,31.3,3,9390,-1
13:51:27,31.3,2,6260,-1
13:51:00,31.3,1,3130,-1
13:50:42,31.3,1,3130,-1
13:48:18,31.3,3,9390,-1
13:47:48,31.3,1,3130,-1
13:45:36,31.35,5,15675,1
13:44:30,31.3,14,43820,-1
13:44:24,31.32,5,15660,-1
13:43:48,31.34,1,3134,-1
13:43:33,31.34,1,3134,1
13:43:27,31.34,1,3134,-1
13:42:42,31.34,16,50144,-1
13:42:15,31.34,2,6268,-1
13:42:03,31.34,10,31340,-1
13:41:09,31.35,1,3135,0
13:40:51,31.35,1,3135,-1
13:40:42,31.35,3,9405,0
13:39:57,31.35,2,6270,-1
13:39:42,31.35,1,3135,-1
13:39:18,31.35,16,50160,1
13:39:06,31.35,5,15675,1
13:39:00,31.34,1,3134,-1
13:38:51,31.35,26,81510,1
13:38:12,31.34,5,15670,0
13:37:15,31.32,9,28188,1
13:36:42,31.32,2,6264,1
13:35:45,31.32,5,15660,1
13:35:33,31.32,5,15660,1
13:35:03,31.32,2,6264,1
13:34:24,31.3,2,6260,-1
13:34:00,31.32,1,3132,1
13:33:09,31.3,2,6260,-1
13:32:21,31.32,1,3132,1
13:30:42,31.28,3,9384,-1
13:30:33,31.28,4,12512,-1
13:30:09,31.28,3,9384,-1
13:29:48,31.28,50,156400,-1
13:29:30,31.33,13,40729,1
13:28:48,31.32,1,3132,-1
13:27:48,31.32,2,6264,-1
13:25:18,31.32,14,43848,1
13:23:57,31.32,5,15660,1
13:23:00,31.32,5,15660,1
13:21:15,31.3,2,6260,-1
13:19:33,31.3,5,15650,1
13:18:54,31.3,13,40690,-1
13:18:12,31.32,10,31320,1
13:17:54,31.3,7,21910,1
13:16:45,31.3,13,40690,-1
13:16:27,31.31,1,3131,-1
13:16:24,31.31,10,31310,-1
13:14:48,31.32,9,28188,-1
13:12:09,31.35,1,3135,1
13:11:18,31.35,1,3135,1
13:10:15,31.35,1,3135,1
13:08:42,31.35,1,3135,-1
13:06:42,31.35,2,6270,-1
13:05:09,31.38,2,6276,1
13:03:33,31.35,3,9405,1
13:03:18,31.35,5,15675,1
13:02:54,31.35,8,25080,1
13:01:36,31.35,5,15675,1
13:01:15,31.35,1,3135,1
13:00:24,31.29,20,62580,1
13:00:12,31.29,2,6258,1
13:00:09,31.29,1,3129,1
13:00:06,31.29,35,109515,-1
13:00:03,31.35,27,84645,1
11:30:03,31.35,0,0,1
11:29:45,31.35,4,12540,1
11:29:18,31.35,15,47025,1
11:28:27,31.35,30,94050,1
11:28:12,31.35,4,12540,1
11:27:24,31.35,6,18810,1
11:26:36,31.29,5,15645,-1
11:26:15,31.35,3,9405,1
11:23:06,31.35,3,9405,-1
11:22:30,31.35,1,3135,-1
11:21:54,31.39,4,12556,-1
11:21:39,31.39,1,3139,1
11:21:33,31.39,5,15695,0
11:18:36,31.4,8,25120,1
11:18:18,31.4,1,3140,1
11:18:15,31.4,8,25120,-1
11:18:12,31.4,5,15700,-1
11:17:57,31.4,16,50240,1
11:17:42,31.35,4,12540,-1
11:17:18,31.35,27,84645,1
11:16:51,31.3,13,40690,1
11:16:36,31.28,5,15640,0
11:13:54,31.27,10,31270,1
11:13:15,31.27,6,18762,1
11:12:33,31.25,6,18750,1
11:12:03,31.24,5,15620,1
11:11:30,31.2,2,6240,1
11:10:57,31.2,3,9360,0
11:09:27,31.25,3,9375,1
11:08:42,31.25,5,15625,-1
11:07:36,31.25,5,15625,-1
11:04:06,31.27,8,25016,1
11:04:03,31.25,2,6250,-1
11:03:57,31.26,10,31260,1
11:03:33,31.26,5,15630,1
11:03:24,31.25,3,9375,-1
11:03:18,31.26,7,21882,1
11:02:57,31.26,1,3126,-1
11:02:33,31.26,2,6252,-1
11:02:24,31.26,6,18756,-1
11:02:18,31.26,1,3126,1
11:01:57,31.26,10,31260,1
11:01:39,31.25,5,15625,1
11:01:03,31.25,2,6250,1
10:57:51,31.16,1,3116,-1
10:56:48,31.27,3,9381,1
10:56:09,31.27,2,6254,-1
10:56:03,31.27,30,93810,1
10:55:21,31.15,1,3115,0
10:51:00,31.13,1,3113,0
10:50:06,31.27,42,131334,1
10:49:51,31.11,2,6222,0
10:48:57,31.1,2,6220,-1
10:48:54,31.29,50,156450,1
10:48:18,31.17,1,3117,1
10:47:33,31.17,23,71691,1
10:46:39,31.05,16,49680,-1
10:46:30,31.08,15,46620,1
10:46:06,31.06,5,15530,1
10:45:54,31.05,13,40365,-1
10:45:48,31.06,165,512490,1
10:45:39,31.06,1,3106,1
10:45:36,31.05,3,9315,-1
10:45:30,31.05,6,18630,-1
10:44:57,31.05,7,21735,-1
10:44:51,31.06,8,24848,1
10:44:42,31.06,6,18636,1
10:44:12,31.06,3,9318,1
10:44:06,31.06,1,3106,1
10:44:00,31.05,12,37260,-1
10:43:54,31.06,24,74544,1
10:43:36,31.05,19,58995,-1
10:43:30,31.05,45,139725,-1
10:43:09,31.06,10,31060,-1
10:42:54,31.06,9,27954,-1
10:42:33,31.08,38,118104,-1
10:42:24,31.09,6,18654,1
10:42:15,31.09,13,40417,1
10:41:54,31.1,7,21770,-1
10:41:27,31.1,10,31100,-1
10:40:54,31.11,2,6222,-1
10:40:51,31.11,2,6222,-1
10:40:48,31.12,20,62240,1
10:40:33,31.12,3,9336,-1
10:40:12,31.12,2,6224,0
10:39:48,31.14,2,6228,1
10:39:12,31.11,2,6222,-1
10:38:36,31.11,2,6222,0
10:38:03,31.14,5,15570,1
10:37:45,31.14,4,12456,1
10:37:06,31.1,3,9330,-1
10:35:51,31.14,2,6228,1
10:33:36,31.1,4,12440,-1
10:32:33,31.1,5,15550,-1
10:32:18,31.1,16,49760,-1
10:31:27,31.1,10,31100,-1
10:30:18,31.1,12,37320,-1
10:29:54,31.15,8,24920,1
10:29:51,31.14,2,6228,1
10:29:45,31.14,7,21798,-1
10:29:27,31.14,1,3114,1
10:29:06,31.13,1,3113,-1
10:28:57,31.13,1,3113,-1
10:28:21,31.13,5,15565,1
10:26:39,31.12,1,3112,-1
10:25:21,31.14,6,18684,1
10:25:15,31.11,1,3111,-1
10:22:21,31.11,63,195993,1
10:22:06,31.09,2,6218,-1
10:22:00,31.11,20,62220,1
10:21:57,31.11,2,6222,1
10:21:54,31.1,10,31100,-1
10:21:48,31.11,2,6222,1
10:21:42,31.11,1,3111,1
10:21:30,31.11,1,3111,1
10:21:21,31.11,1,3111,-1
10:21:09,31.13,6,18678,1
10:20:48,31.11,2,6222,1
10:20:42,31.11,6,18666,1
10:20:36,31.1,1,3110,1
10:20:24,31.08,2,6216,1
10:20:03,31.04,2,6208,-1
10:19:54,31.04,3,9312,1
10:19:51,31.03,2,6206,-1
10:19:42,31.04,2,6208,1
10:19:36,31.04,5,15520,-1
10:19:33,31.08,2,6216,1
10:19:24,31.08,3,9324,1
10:19:21,31.04,5,15520,0
10:19:00,31.03,14,43442,-1
10:18:57,31.04,2,6208,1
10:18:54,31.04,26,80704,-1
10:18:42,31.08,6,18648,-1
10:18:36,31.09,1,3109,1
10:18:15,31.09,2,6218,1
10:17:45,31.09,3,9327,-1
10:17:15,31.1,17,52870,-1
10:16:57,31.1,3,9330,1
10:16:48,31.1,27,83970,-1
10:15:48,31.11,3,9333,-1
10:15:30,31.11,4,12444,-1
10:15:03,31.11,4,12444,-1
10:14:33,31.13,6,18678,1
10:14:27,31.13,1,3113,-1
10:14:21,31.14,15,46710,-1
10:13:03,31.15,5,15575,0
10:11:42,31.15,5,15575,1
10:10:51,31.15,1,3115,1
10:10:33,31.15,10,31150,1
10:10:24,31.14,1,3114,-1
10:10:18,31.14,40,124560,1
10:10:06,31.11,5,15555,-1
10:09:48,31.11,1,3111,-1
10:09:24,31.14,22,68508,-1
10:08:33,31.15,2,6230,-1
10:08:09,31.16,6,18696,-1
10:07:27,31.16,1,3116,-1
10:06:27,31.16,2,6232,-1
10:06:21,31.17,2,6234,-1
10:06:18,31.19,2,6238,1
10:06:00,31.17,3,9351,0
10:05:09,31.16,5,15580,1
10:04:33,31.14,16,49824,0
10:04:09,31.12,32,99584,1
10:04:03,31.11,10,31110,-1
10:02:57,31.12,5,15560,1
10:02:48,31.12,2,6224,1
10:02:39,31.11,2,6222,-1
10:02:30,31.12,3,9336,1
10:02:21,31.12,1,3112,-1
10:02:18,31.15,2,6230,1
10:02:06,31.12,4,12448,0
10:01:18,31.11,4,12444,1
10:00:36,31.11,3,9333,1
10:00:33,31.11,24,74664,-1
10:00:09,31.11,2,6222,-1
09:59:15,31.15,17,52955,1
09:59:12,31.1,36,111960,-1
09:59:03,31.15,11,34265,-1
09:58:54,31.17,3,9351,1
09:58:33,31.17,10,31170,1
09:58:09,31.17,19,59223,-1
09:57:30,31.17,5,15585,1
09:57:09,31.15,1,3115,1
09:56:54,31.15,25,77875,-1
09:56:48,31.17,10,31170,1
09:56:15,31.13,3,9339,-1
09:56:09,31.17,2,6234,1
09:56:06,31.17,6,18702,1
09:55:54,31.17,1,3117,0
09:55:42,31.18,4,12472,1
09:55:33,31.18,23,71714,0
09:54:00,31.21,12,37452,1
09:53:42,31.2,4,12480,1
09:53:18,31.13,2,6226,0
09:52:36,31.12,3,9336,0
09:52:33,31.12,2,6224,1
09:52:30,31.11,3,9333,-1
09:52:12,31.12,3,9336,-1
09:51:54,31.17,1,3117,-1
09:51:24,31.22,3,9366,0
09:50:12,31.23,7,21861,-1
09:49:57,31.23,2,6246,-1
09:49:51,31.23,10,31230,-1
09:48:51,31.23,3,9369,0
09:48:21,31.25,3,9375,-1
09:48:12,31.25,11,34375,-1
09:48:06,31.26,15,46890,1
09:47:54,31.26,1,3126,1
09:47:33,31.25,5,15625,-1
09:47:21,31.26,4,12504,1
09:47:15,31.26,1,3126,1
09:46:36,31.26,6,18756,-1
09:45:39,31.26,12,37512,-1
09:45:36,31.28,4,12512,1
09:45:30,31.28,20,62560,1
09:45:15,31.28,5,15640,-1
09:44:54,31.28,19,59432,-1
09:44:33,31.28,5,15640,-1
09:44:21,31.29,4,12516,-1
09:43:51,31.32,3,9396,0
09:43:24,31.29,3,9387,-1
09:43:06,31.33,7,21931,-1
09:43:00,31.33,3,9399,0
09:41:48,31.33,10,31330,1
09:41:45,31.32,1,3132,1
09:41:42,31.29,3,9387,-1
09:41:21,31.32,6,18792,-1
09:41:06,31.32,4,12528,-1
09:41:03,31.32,5,15660,-1
09:40:03,31.32,30,93960,-1
09:39:06,31.35,20,62700,-1
09:38:09,31.35,16,50160,-1
09:37:12,31.42,1,3142,1
09:37:06,31.36,5,15680,-1
09:36:45,31.42,4,12568,1
09:36:39,31.42,2,6284,-1
09:36:33,31.43,8,25144,1
09:36:27,31.42,1,3142,-1
09:36:18,31.42,12,37704,1
09:36:15,31.41,2,6282,-1
09:36:03,31.41,9,28269,1
09:35:48,31.36,1,3136,1
09:35:33,31.35,3,9405,1
09:35:27,31.35,3,9405,1
09:35:15,31.35,1,3135,1
09:35:09,31.35,2,6270,0
09:34:18,31.45,3,9435,0
09:33:45,31.29,45,140805,-1
09:33:09,31.29,4,12516,1
09:33:03,31.28,1,3128,1
09:32:54,31.28,3,9384,-1
09:32:12,31.28,2,6256,-1
09:31:57,31.29,1,3129,-1
09:31:51,31.29,5,15645,0
09:30:57,31.28,1,3128,-1
09:30:21,31.28,2,6256,0
09:30:03,31.26,0,0,-1
09:25:03,31.26,7,21882,1
