timestamp,price,volume,turnover,direction
15:00:00,16.14,0,0,-1
15:00:00,16.14,0,0,-1
15:00:00,16.15,14,22609,1
14:59:57,16.14,80,129120,-1
14:59:54,16.15,43,69445,1
14:59:51,16.15,26,41989,1
14:59:48,16.15,3,4845,1
14:59:45,16.15,2,3229,1
14:59:42,16.15,25,40375,1
14:59:39,16.14,63,101682,0
14:59:36,16.12,903,1455636,-1
14:59:33,16.16,97,156752,1
14:59:30,16.15,24,38760,-1
14:59:27,16.15,263,424744,1
14:59:24,16.15,90,145350,-1
14:59:21,16.16,52,84032,1
14:59:18,16.15,33,53294,1
14:59:15,16.15,145,234174,1
14:59:12,16.15,98,158270,-1
14:59:09,16.15,103,166344,-1
14:59:06,16.15,140,226099,-1
14:59:03,16.16,37,59792,1
14:59:00,16.16,12,19392,1
14:58:57,16.16,81,130896,1
14:58:54,16.15,57,92054,-1
14:58:51,16.15,103,166344,-1
14:58:48,16.15,60,96899,-1
14:58:45,16.16,57,92112,1
14:58:42,16.15,31,50064,-1
14:58:39,16.15,64,103359,-1
14:58:36,16.15,96,155040,1
14:58:33,16.15,222,358529,1
14:58:30,16.15,30,48449,1
14:58:27,16.15,16,25839,-1
14:58:24,16.15,45,72675,-1
14:58:21,16.16,335,541360,1
14:58:18,16.15,78,125969,-1
14:58:12,16.15,160,258399,-1
14:58:06,16.15,15,24224,-1
14:58:03,16.16,135,218160,1
14:57:57,16.16,212,342592,1
14:57:51,16.16,158,255328,1
14:57:48,16.15,52,83979,-1
14:57:44,16.16,32,51712,1
14:57:42,16.15,27,43604,-1
14:57:39,16.15,68,109819,-1
14:57:36,16.16,14,22624,1
14:57:33,16.16,140,226240,1
14:57:30,16.16,146,235936,1
14:57:27,16.15,27,43604,-1
14:57:24,16.15,28,45219,-1
14:57:21,16.16,102,164832,1
14:57:18,16.16,40,64640,1
14:57:14,16.15,35,56524,-1
14:57:11,16.15,242,390829,-1
14:57:08,16.16,118,190688,1
14:57:05,16.15,468,755819,-1
14:57:02,16.16,71,114736,1
14:56:59,16.16,34,54944,1
14:56:56,16.16,93,150288,1
14:56:53,16.15,24,38760,-1
14:56:50,16.15,52,83979,-1
14:56:47,16.16,84,135744,1
14:56:44,16.16,103,166448,1
14:56:41,16.16,28,45248,1
14:56:38,16.15,6,9690,-1
14:56:35,16.16,49,79184,1
14:56:32,16.16,26,42016,1
14:56:29,16.16,142,229472,1
14:56:26,16.16,457,738512,1
14:56:23,16.15,18,29069,-1
14:56:20,16.16,80,129280,1
14:56:17,16.15,41,66215,-1
14:56:14,16.16,45,72720,1
14:56:11,16.15,6,9690,-1
14:56:08,16.16,16,25856,1
14:56:05,16.15,49,79135,-1
14:56:02,16.16,175,282800,1
14:55:59,16.15,20,32299,-1
14:55:56,16.16,53,85648,1
14:55:53,16.15,36,58139,-1
14:55:50,16.15,80,129199,-1
14:55:47,16.15,13,20994,-1
14:55:44,16.15,36,58139,-1
14:55:41,16.15,20,32299,-1
14:55:38,16.16,131,211696,1
14:55:35,16.15,231,373064,-1
14:55:32,16.16,30,48480,1
14:55:29,16.15,135,218024,-1
14:55:26,16.16,14,22624,1
14:55:20,16.16,18,29088,1
14:55:17,16.15,13,20994,-1
14:55:14,16.15,17,27454,-1
14:55:11,16.16,12,19392,1
14:55:08,16.16,41,66256,1
14:55:05,16.16,41,66256,1
14:55:02,16.16,156,252322,-1
14:54:59,16.16,58,93728,-1
14:54:56,16.17,58,93786,1
14:54:53,16.16,80,129280,-1
14:54:50,16.16,252,407232,-1
14:54:47,16.17,113,182721,1
14:54:44,16.17,97,156849,1
14:54:41,16.16,25,40400,-1
14:54:38,16.17,1,1617,1
14:54:35,16.17,35,56595,1
14:54:29,16.16,80,129280,-1
14:54:26,16.16,9,14544,-1
14:54:23,16.16,173,279568,-1
14:54:20,16.17,10,16170,1
14:54:17,16.16,107,172912,-1
14:54:14,16.16,10,16160,-1
14:54:11,16.16,6,9696,-1
14:54:08,16.17,12,19404,1
14:54:05,16.16,96,155136,-1
14:54:02,16.16,38,61408,-1
14:53:59,16.16,87,140592,-1
14:53:56,16.17,17,27489,1
14:53:53,16.17,8,12936,1
14:53:50,16.16,49,79184,-1
14:53:47,16.16,34,54944,-1
14:53:44,16.16,76,122816,-1
14:53:41,16.17,50,80850,1
14:53:38,16.16,6,9696,-1
14:53:35,16.16,22,35552,-1
14:53:32,16.16,45,72720,-1
14:53:29,16.16,45,72720,-1
14:53:26,16.16,51,82416,-1
14:53:23,16.16,46,75725,1
14:53:20,16.16,57,92112,1
14:53:17,16.16,63,102034,-1
14:53:14,16.17,131,211827,1
14:53:11,16.16,418,675488,-1
14:53:08,16.16,52,84032,-1
14:53:05,16.16,94,151904,-1
14:53:02,16.16,130,210080,-1
14:52:59,16.17,1,1617,1
14:52:56,16.17,57,92169,1
14:52:53,16.17,14,22638,1
14:52:50,16.17,125,202125,1
14:52:47,16.17,95,153615,1
14:52:41,16.17,44,71148,1
14:52:38,16.17,16,25872,1
14:52:35,16.17,18,29106,1
14:52:29,16.16,7,11312,-1
14:52:26,16.17,8,12936,1
14:52:23,16.17,60,97020,1
14:52:20,16.17,79,127743,1
14:52:17,16.17,99,160083,1
14:52:14,16.16,22,35552,-1
14:52:11,16.17,737,1191729,1
14:52:08,16.17,89,143913,1
14:52:05,16.16,52,84032,-1
14:52:02,16.17,27,43659,1
14:51:59,16.17,30,48510,1
14:51:56,16.17,5,8085,1
14:51:53,16.17,4,6468,1
14:51:50,16.16,24,38784,-1
14:51:47,16.16,13,21008,-1
14:51:44,16.17,35,56595,1
14:51:41,16.16,227,366832,-1
14:51:38,16.16,24,38784,-1
14:51:35,16.17,60,97020,1
14:51:32,16.16,157,255101,1
14:51:29,16.16,13,21008,1
14:51:26,16.16,22,35552,1
14:51:23,16.16,49,79184,1
14:51:14,16.16,4,6464,1
14:51:11,16.16,31,50096,1
14:51:08,16.16,41,66256,1
14:51:05,16.16,89,143824,1
14:51:02,16.16,36,58176,1
14:50:59,16.16,5,8080,1
14:50:56,16.16,89,143824,1
14:50:53,16.16,18,29088,1
14:50:50,16.16,405,654480,1
14:50:47,16.16,31,50096,1
14:50:44,16.16,37,59792,1
14:50:41,16.16,88,142208,1
14:50:38,16.16,3,4848,1
14:50:35,16.16,19,30704,1
14:50:32,16.16,106,171296,1
14:50:29,16.16,118,190688,1
14:50:26,16.16,9,14544,1
14:50:23,16.16,13,21008,1
14:50:20,16.16,13,21008,1
14:50:17,16.16,12,19392,1
14:50:14,16.16,15,24240,1
14:50:11,16.16,299,483184,1
14:50:08,16.16,14,22624,1
14:50:05,16.16,51,82416,1
14:50:02,16.16,1,1616,1
14:49:59,16.15,45,72675,-1
14:49:50,16.16,13,21008,1
14:49:47,16.15,41,66215,-1
14:49:44,16.15,3,4845,-1
14:49:41,16.16,6,9696,1
14:49:38,16.16,4,6464,1
14:49:35,16.15,48,77520,-1
14:49:32,16.16,8,12928,1
14:49:29,16.15,36,58139,-1
14:49:26,16.16,16,25856,1
14:49:23,16.15,146,235789,-1
14:49:20,16.15,16,25839,-1
14:49:17,16.16,1,1616,1
14:49:14,16.15,21,33915,-1
14:49:11,16.15,72,116279,-1
14:49:08,16.15,11,17765,-1
14:49:05,16.16,41,66256,1
14:49:01,16.16,19,30704,1
14:48:57,16.15,382,616930,-1
14:48:55,16.15,3,4845,-1
14:48:52,16.16,1,1616,1
14:48:48,16.16,39,63024,1
14:48:45,16.16,317,512272,1
14:48:42,16.15,13,20994,-1
14:48:39,16.15,22,35530,-1
14:48:36,16.15,55,88824,-1
14:48:33,16.15,53,85594,-1
14:48:27,16.15,11,17765,-1
14:48:24,16.15,23,37145,-1
14:48:21,16.16,6,9696,1
14:48:18,16.16,25,40400,1
14:48:15,16.16,18,29088,1
14:48:12,16.16,71,114736,1
14:48:09,16.16,18,29088,1
14:48:06,16.16,35,56560,1
14:48:03,16.16,277,447632,1
14:48:00,16.16,156,252096,1
14:47:57,16.16,64,103424,1
14:47:54,16.15,9,14534,-1
14:47:51,16.16,4,6464,1
14:47:48,16.16,30,48480,1
14:47:45,16.16,49,79184,1
14:47:42,16.16,9,14544,1
14:47:39,16.15,20,32299,-1
14:47:36,16.16,7,11312,1
14:47:33,16.16,114,184224,1
14:47:30,16.15,14,22609,1
14:47:27,16.14,95,153330,-1
14:47:24,16.14,21,33894,-1
14:47:21,16.15,10,16149,1
14:47:18,16.15,15,24224,1
14:47:15,16.15,42,67830,1
14:47:12,16.15,62,100129,1
14:47:09,16.15,232,374679,1
14:47:06,16.15,11,17765,1
14:47:03,16.15,33,53294,1
14:47:00,16.15,12,19380,1
14:46:57,16.15,213,343994,1
14:46:48,16.15,24,38760,1
14:46:45,16.15,5,8074,1
14:46:42,16.15,8,12919,1
14:46:39,16.15,31,50064,1
14:46:36,16.15,21,33915,1
14:46:33,16.15,38,61369,1
14:46:30,16.15,510,823649,1
14:46:27,16.13,86,138718,-1
14:46:24,16.14,159,256626,1
14:46:21,16.14,15,24210,1
14:46:18,16.14,57,91998,1
14:46:15,16.13,514,829082,-1
14:46:09,16.13,31,50003,-1
14:46:06,16.14,32,51648,1
14:46:03,16.14,5,8070,1
14:46:00,16.14,9,14526,1
14:45:57,16.14,18,29052,1
14:45:54,16.13,26,41938,-1
14:45:51,16.14,27,43578,1
14:45:48,16.13,34,54842,-1
14:45:45,16.14,2,3228,1
14:45:42,16.13,20,32259,-1
14:45:36,16.13,6,9678,-1
14:45:33,16.14,19,30666,1
14:45:30,16.13,85,137105,1
14:45:27,16.13,6,9678,1
14:45:24,16.13,5,8064,1
14:45:21,16.13,1,1613,1
14:45:18,16.13,28,45164,1
14:45:15,16.13,2,3226,1
14:45:12,16.13,30,48390,1
14:45:09,16.13,1,1613,1
14:45:06,16.13,12,19356,1
14:45:03,16.13,39,62906,1
14:45:00,16.13,8,12904,1
14:44:48,16.13,1,1613,1
14:44:45,16.13,15,24195,1
14:44:42,16.12,76,122512,-1
14:44:36,16.12,2,3224,-1
14:44:33,16.13,15,24195,1
14:44:30,16.12,2,3224,-1
14:44:27,16.13,9,14517,1
14:44:24,16.12,167,269204,-1
14:44:21,16.13,33,53229,1
14:44:18,16.14,204,329256,1
14:44:15,16.13,13,20969,-1
14:44:12,16.14,83,133962,1
14:44:09,16.12,42,67704,-1
14:44:06,16.12,9,14508,-1
14:44:03,16.13,55,88715,-1
14:44:00,16.13,13,20969,-1
14:43:57,16.14,3,4842,1
14:43:51,16.14,2,3228,1
14:43:48,16.12,56,90272,-1
14:43:42,16.12,9,14508,-1
14:43:39,16.13,84,135492,1
14:43:36,16.13,29,46777,1
14:43:33,16.13,24,38712,1
14:43:30,16.13,50,80650,1
14:43:27,16.13,8,12904,1
14:43:24,16.13,31,50003,1
14:43:21,16.12,95,153140,-1
14:43:18,16.14,8,12912,1
14:43:15,16.13,38,61293,1
14:43:12,16.13,202,325826,1
14:43:06,16.13,4,6452,1
14:43:03,16.13,68,109684,-1
14:43:00,16.13,7,11291,-1
14:42:57,16.14,18,29052,1
14:42:54,16.13,122,196786,-1
14:42:51,16.13,6,9678,-1
14:42:45,16.14,5,8070,1
14:42:42,16.13,23,37099,-1
14:42:39,16.14,13,20982,1
14:42:36,16.13,29,46777,0
14:42:33,16.12,347,559364,-1
14:42:30,16.14,54,87156,1
14:42:27,16.14,18,29052,1
14:42:24,16.13,6,9678,-1
14:42:21,16.14,16,25824,1
14:42:18,16.13,188,303244,1
14:42:15,16.13,2,3226,1
14:42:12,16.13,30,48390,1
14:42:09,16.12,101,162812,-1
14:42:06,16.13,31,50003,1
14:42:03,16.13,1,1613,1
14:42:00,16.13,23,37099,1
14:41:57,16.13,41,66133,1
14:41:54,16.13,464,748432,-1
14:41:51,16.13,7,11291,-1
14:41:48,16.13,44,70972,-1
14:41:45,16.14,1,1614,1
14:41:42,16.13,18,29034,-1
14:41:36,16.14,16,25824,1
14:41:33,16.14,12,19368,1
14:41:27,16.14,26,41964,1
14:41:24,16.14,55,88770,1
14:41:21,16.14,10,16140,1
14:41:18,16.13,23,37099,-1
14:41:12,16.14,1,1614,1
14:41:09,16.14,15,24210,1
14:41:06,16.13,48,77424,-1
14:41:03,16.14,17,27438,1
14:40:54,16.13,3,4839,-1
14:40:51,16.14,2,3228,1
14:40:42,16.14,2,3228,1
14:40:39,16.15,1,1614,1
14:40:36,16.15,7,11304,1
14:40:33,16.15,110,177649,1
14:40:30,16.15,25,40375,1
14:40:27,16.15,4,6459,1
14:40:24,16.15,7,11304,1
14:40:21,16.15,2,3229,1
14:40:18,16.15,35,56524,-1
14:40:15,16.16,13,21008,1
14:40:12,16.15,230,371449,-1
14:40:09,16.15,77,124354,-1
14:40:06,16.15,118,190569,-1
14:40:03,16.15,21,33915,-1
14:40:00,16.15,141,227714,-1
14:39:57,16.15,21,33915,-1
14:39:54,16.15,96,155040,-1
14:39:51,16.16,32,51712,1
14:39:48,16.15,1462,2361130,1
14:39:45,16.12,148,238576,-1
14:39:41,16.12,39,62868,-1
14:39:39,16.12,12,19344,-1
14:39:36,16.13,13,20969,1
14:39:33,16.13,4,6452,1
14:39:30,16.13,7,11291,1
14:39:27,16.13,101,162913,-1
14:39:23,16.13,40,64519,-1
14:39:21,16.13,20,32259,-1
14:39:18,16.14,1,1614,1
14:39:15,16.14,3,4842,1
14:39:12,16.14,2,3228,1
14:39:08,16.13,90,145170,-1
14:39:06,16.14,41,66174,1
14:39:02,16.13,40,64519,-1
14:38:59,16.13,39,62906,-1
14:38:57,16.14,1,1614,1
14:38:53,16.13,47,75811,-1
14:38:50,16.13,23,37099,-1
14:38:47,16.13,21,33873,-1
14:38:44,16.13,15,24195,-1
14:38:41,16.13,8,12904,-1
14:38:38,16.14,1,1614,1
14:38:35,16.13,112,180656,-1
14:38:32,16.13,11,17743,-1
14:38:29,16.13,15,24195,-1
14:38:26,16.14,29,46806,1
14:38:23,16.14,3,4842,1
14:38:20,16.13,97,156461,-1
14:38:17,16.14,37,59718,-1
14:38:14,16.15,81,130814,1
14:38:11,16.13,154,248401,-1
14:38:08,16.14,122,196908,-1
14:38:05,16.14,109,175926,-1
14:38:02,16.14,21,33894,-1
14:37:59,16.14,29,46806,-1
14:37:56,16.15,8,12919,1
14:37:53,16.14,10,16140,-1
14:37:47,16.15,1,1614,1
14:37:44,16.15,3,4845,1
14:37:41,16.14,20,32280,-1
14:37:38,16.15,4,6459,1
14:37:35,16.15,12,19380,1
14:37:32,16.15,9,14534,1
14:37:29,16.15,2,3229,1
14:37:26,16.15,16,25839,1
14:37:23,16.15,21,33915,1
14:37:20,16.15,106,171189,1
14:37:17,16.15,1,1614,1
14:37:14,16.15,22,35530,1
14:37:11,16.15,19,30684,0
14:37:08,16.16,506,817696,1
14:37:05,16.15,23,37145,1
14:37:02,16.15,20,32299,-1
14:36:59,16.15,92,148580,-1
14:36:56,16.15,43,69445,-1
14:36:53,16.15,19,30684,-1
14:36:50,16.15,17,27454,-1
14:36:47,16.16,14,22624,1
14:36:44,16.16,12,19392,1
14:36:41,16.16,17,27472,1
14:36:38,16.15,11,17765,-1
14:36:35,16.16,64,103424,1
14:36:32,16.16,26,42016,1
14:36:29,16.16,88,142208,1
14:36:26,16.16,1,1616,1
14:36:20,16.15,25,40375,1
14:36:17,16.15,2,3229,1
14:36:14,16.15,35,56524,1
14:36:11,16.15,28,45219,-1
14:36:08,16.15,33,53294,1
14:36:05,16.15,10,16149,1
14:36:02,16.15,3,4845,1
14:35:59,16.15,13,20994,-1
14:35:56,16.15,21,33915,-1
14:35:53,16.15,7,11304,-1
14:35:50,16.16,31,50096,1
14:35:47,16.16,5,8080,1
14:35:44,16.15,41,66215,-1
14:35:41,16.16,105,169680,1
14:35:38,16.16,104,168064,1
14:35:35,16.15,3,4845,1
14:35:32,16.15,51,82365,-1
14:35:29,16.16,4,6464,1
14:35:23,16.15,14,22609,-1
14:35:20,16.16,71,114736,1
14:35:17,16.15,212,342379,-1
14:35:14,16.16,1,1616,1
14:35:11,16.16,28,45248,1
14:35:08,16.16,1,1616,1
14:35:05,16.16,13,21008,1
14:35:02,16.16,34,54944,1
14:34:59,16.16,14,22624,1
14:34:56,16.15,32,51679,-1
14:34:53,16.16,11,17776,1
14:34:50,16.15,80,129199,-1
14:34:47,16.16,103,166448,1
14:34:44,16.15,14,22609,-1
14:34:41,16.16,53,85648,1
14:34:38,16.15,47,75905,-1
14:34:35,16.16,139,224624,1
14:34:32,16.16,21,33936,1
14:34:29,16.15,10,16149,-1
14:34:26,16.16,1,1616,1
14:34:23,16.16,30,48480,1
14:34:20,16.16,93,150288,1
14:34:17,16.15,11,17765,-1
14:34:14,16.15,10,16149,-1
14:34:11,16.16,3,4848,1
14:34:08,16.16,34,54944,1
14:34:05,16.16,34,54944,1
14:34:02,16.15,69,111434,-1
14:33:59,16.16,8,12928,1
14:33:56,16.15,20,32299,-1
14:33:53,16.15,2,3229,-1
14:33:50,16.15,15,24224,-1
14:33:47,16.16,1,1616,1
14:33:44,16.16,4,6464,1
14:33:41,16.16,105,169680,1
14:33:38,16.15,11,17765,-1
14:33:35,16.16,98,158368,1
14:33:32,16.16,203,328048,1
14:33:29,16.16,46,74336,1
14:33:26,16.16,22,35552,1
14:33:23,16.15,55,88824,-1
14:33:20,16.16,3,4848,1
14:33:17,16.16,61,98576,1
14:33:13,16.16,15,24240,1
14:33:08,16.16,4,6464,1
14:33:05,16.16,9,14544,1
14:33:02,16.16,31,50096,1
14:32:59,16.16,247,399152,1
14:32:56,16.15,78,125969,-1
14:32:53,16.16,7,11312,1
14:32:49,16.16,8,12928,1
14:32:34,16.16,9,14544,1
14:32:27,16.16,3,4848,1
14:32:26,16.16,3,4848,1
14:32:21,16.15,34,54909,-1
14:32:19,16.16,17,27472,1
14:32:17,16.15,20,32299,-1
14:32:12,16.16,3,4848,1
14:32:09,16.16,13,21008,1
14:32:06,16.16,2,3232,1
14:32:03,16.16,30,48480,1
14:31:57,16.16,1,1616,1
14:31:54,16.16,10,16160,1
14:31:51,16.15,10,16149,-1
14:31:48,16.15,2,3229,-1
14:31:45,16.17,5,8085,1
14:31:42,16.16,108,174528,1
14:31:39,16.15,3,4845,-1
14:31:36,16.16,1,1616,1
14:31:33,16.16,8,12928,1
14:31:27,16.16,21,33936,1
14:31:24,16.16,28,45248,1
14:31:18,16.16,2,3232,1
14:31:15,16.16,7,11312,1
14:31:12,16.16,2,3232,1
14:31:09,16.16,72,116352,-1
14:31:06,16.17,13,21021,1
14:31:03,16.17,11,17787,1
14:31:00,16.16,47,75952,-1
14:30:57,16.16,7,11312,-1
14:30:54,16.16,9,14544,-1
14:30:51,16.16,1,1616,-1
14:30:48,16.17,15,24255,1
14:30:45,16.16,86,138976,1
14:30:42,16.16,2,3232,1
14:30:39,16.16,3,4848,1
14:30:36,16.16,38,61408,-1
14:30:33,16.16,7,11312,1
14:30:30,16.16,54,87264,-1
14:30:27,16.17,37,59829,1
14:30:24,16.16,45,72720,-1
14:30:21,16.17,11,17787,1
14:30:18,16.16,21,33936,-1
14:30:15,16.17,112,181104,1
14:30:12,16.17,32,51744,1
14:30:09,16.17,58,93786,1
14:30:06,16.17,27,43659,1
14:30:03,16.17,38,61446,1
14:30:00,16.16,19,30704,-1
14:29:57,16.16,69,111504,-1
14:29:54,16.16,65,105040,-1
14:29:51,16.16,148,239168,-1
14:29:45,16.17,2,3234,1
14:29:39,16.17,27,43659,1
14:29:36,16.17,10,16170,1
14:29:33,16.17,37,59829,1
14:29:30,16.17,7,11319,1
14:29:27,16.17,68,109956,1
14:29:24,16.17,42,67914,1
14:29:21,16.16,75,121200,-1
14:29:18,16.17,8,12936,1
14:29:15,16.17,206,333102,1
14:29:12,16.16,8,12928,-1
14:29:09,16.17,1,1617,1
14:29:06,16.16,10,16160,-1
14:29:03,16.16,15,24240,-1
14:29:00,16.17,6,9702,1
14:28:57,16.16,23,37168,-1
14:28:54,16.16,6,9696,-1
14:28:51,16.17,54,87318,1
14:28:48,16.16,60,96960,-1
14:28:42,16.17,1,1617,1
14:28:39,16.17,44,71148,1
14:28:36,16.16,7,11312,-1
14:28:33,16.17,11,17787,1
14:28:30,16.17,31,50127,1
14:28:27,16.17,105,169785,1
14:28:21,16.17,9,14553,1
14:28:18,16.17,1,1617,1
14:28:15,16.17,28,45276,1
14:28:03,16.17,6,9702,1
14:27:57,16.17,6,9702,1
14:27:54,16.17,15,24255,1
14:27:39,16.17,2,3234,1
14:27:36,16.17,22,35574,1
14:27:33,16.17,79,127743,-1
14:27:30,16.17,6,9702,-1
14:27:27,16.18,31,50158,1
14:27:24,16.18,19,30742,1
14:27:21,16.18,14,22652,1
14:27:18,16.18,31,50158,1
14:27:15,16.17,38,61446,-1
14:27:12,16.18,60,97080,1
14:27:09,16.18,2,3236,1
14:27:06,16.18,7,11326,1
14:27:03,16.18,35,56630,1
14:27:00,16.17,12,19404,1
14:26:57,16.17,1,1617,1
14:26:54,16.18,25,40450,1
14:26:51,16.18,0,0,1
14:26:48,16.18,8,12944,1
14:26:45,16.16,131,211696,-1
14:26:42,16.18,16,25888,1
14:26:39,16.17,156,252252,1
14:26:36,16.17,4,6468,1
14:26:33,16.17,53,85701,0
14:26:30,16.18,619,1001542,1
14:26:27,16.17,18,29106,1
14:26:24,16.17,19,30723,1
14:26:21,16.17,2,3234,1
14:26:18,16.16,35,56560,1
14:26:15,16.15,603,973844,-1
14:26:09,16.16,5,8080,1
14:26:06,16.15,101,163115,-1
14:26:03,16.16,12,19392,1
14:25:57,16.15,10,16149,-1
14:25:54,16.16,1,1616,1
14:25:51,16.16,4,6464,1
14:25:48,16.16,11,17776,1
14:25:42,16.16,8,12928,1
14:25:39,16.16,40,64640,1
14:25:36,16.16,5,8080,1
14:25:33,16.16,75,121200,-1
14:25:30,16.16,13,21008,-1
14:25:27,16.16,25,40400,-1
14:25:24,16.16,15,24240,-1
14:25:21,16.17,14,22638,1
14:25:18,16.17,9,14553,1
14:25:15,16.17,34,54978,1
14:25:12,16.16,192,310272,-1
14:25:09,16.16,24,38784,-1
14:25:06,16.16,5,8080,-1
14:25:03,16.16,14,22624,1
14:25:00,16.16,19,30704,-1
14:24:57,16.16,20,32320,0
14:24:54,16.17,176,284592,1
14:24:51,16.16,61,98576,1
14:24:45,16.16,20,32320,1
14:24:39,16.16,1,1616,1
14:24:36,16.16,8,12928,1
14:24:33,16.17,40,64680,1
14:24:30,16.16,38,61408,1
14:24:27,16.16,40,64640,1
14:24:24,16.16,16,25856,1
14:24:21,16.16,3,4848,1
14:24:18,16.16,10,16160,1
14:24:15,16.16,2,3232,1
14:24:12,16.16,27,43632,1
14:24:06,16.16,6,9696,1
14:24:03,16.15,29,46834,-1
14:24:00,16.16,78,126048,1
14:23:57,16.16,71,115188,-1
14:23:54,16.16,243,393851,1
14:23:51,16.16,79,127664,1
14:23:48,16.16,1,1616,1
14:23:45,16.16,43,69488,1
14:23:42,16.16,18,29088,1
14:23:39,16.15,29,46834,-1
14:23:36,16.16,5,8080,1
14:23:33,16.15,18,29069,-1
14:23:30,16.16,36,58176,1
14:23:27,16.16,63,101808,1
14:23:24,16.15,16,25839,-1
14:23:21,16.16,6,9696,1
14:23:18,16.16,41,66256,1
14:23:15,16.15,1,1614,-1
14:23:06,16.16,9,14544,1
14:23:03,16.15,26,41989,-1
14:23:00,16.16,5,8080,1
14:22:54,16.16,13,21008,1
14:22:51,16.16,38,61408,1
14:22:45,16.16,10,16160,1
14:22:39,16.16,19,30704,1
14:22:36,16.15,134,216409,1
14:22:30,16.15,103,166344,1
14:22:27,16.15,12,19380,1
14:22:24,16.15,15,24224,1
14:22:21,16.15,76,122739,1
14:22:18,16.15,301,486114,1
14:22:15,16.15,12,19380,1
14:22:12,16.14,9,14526,-1
14:22:09,16.15,4,6459,1
14:22:06,16.15,33,53294,1
14:22:03,16.15,81,130814,1
14:22:00,16.15,35,56524,1
14:21:57,16.14,44,71016,-1
14:21:54,16.15,9,14534,1
14:21:51,16.15,59,95284,1
14:21:48,16.15,3,4845,1
14:21:44,16.14,18,29052,-1
14:21:41,16.14,60,96840,-1
14:21:38,16.14,15,24210,-1
14:21:35,16.14,21,33894,1
14:21:29,16.14,7,11298,1
14:21:26,16.14,2,3228,-1
14:21:23,16.15,14,22609,1
14:21:20,16.15,1,1614,1
14:21:17,16.13,22,35486,-1
14:21:15,16.14,13,20982,-1
14:21:11,16.14,5,8070,-1
14:21:08,16.15,330,532950,1
14:21:05,16.13,95,153235,-1
14:21:02,16.14,202,326028,1
14:20:59,16.14,33,53262,1
14:20:56,16.13,11,17743,-1
14:20:50,16.13,22,35486,-1
14:20:47,16.13,5,8064,-1
14:20:44,16.14,19,30666,1
14:20:35,16.14,8,12912,1
14:20:29,16.14,5,8070,1
14:20:26,16.14,1,1614,1
14:20:23,16.13,31,50003,-1
14:20:20,16.14,1,1614,1
14:20:17,16.14,1,1614,1
14:20:14,16.14,23,37122,1
14:20:11,16.13,24,38712,-1
14:20:02,16.13,10,16129,-1
14:19:59,16.13,10,16129,-1
14:19:56,16.14,1,1614,1
14:19:53,16.13,9,14517,-1
14:19:50,16.14,7,11298,1
14:19:47,16.14,12,19368,1
14:19:44,16.14,14,22596,1
14:19:41,16.13,1,1613,-1
14:19:38,16.14,5,8070,1
14:19:35,16.14,9,14526,1
14:19:32,16.14,1,1614,1
14:19:29,16.13,15,24195,-1
14:19:26,16.13,36,58068,1
14:19:23,16.13,11,17743,1
14:19:20,16.13,51,82263,1
14:19:17,16.12,27,43524,-1
14:19:05,16.13,5,8064,1
14:19:02,16.13,7,11291,1
14:18:59,16.12,39,62868,-1
14:18:56,16.13,5,8064,1
14:18:50,16.13,2,3226,1
14:18:47,16.13,28,45164,-1
14:18:44,16.14,26,41964,1
14:18:41,16.14,6,9684,1
14:18:38,16.14,33,53262,1
14:18:35,16.14,2,3228,1
14:18:32,16.14,4,6456,1
14:18:29,16.14,7,11298,1
14:18:26,16.14,1,1614,1
14:18:23,16.14,9,14526,1
14:18:20,16.14,12,19368,1
14:18:17,16.13,37,59680,-1
14:18:11,16.14,5,8070,1
14:18:08,16.14,19,30666,-1
14:18:05,16.15,52,83979,1
14:18:02,16.14,30,48420,-1
14:17:59,16.15,5,8074,1
14:17:56,16.14,2,3228,-1
14:17:53,16.15,1,1614,1
14:17:50,16.15,10,16149,1
14:17:47,16.14,12,19368,-1
14:17:44,16.14,1,1614,-1
14:17:41,16.15,5,8074,1
14:17:38,16.15,16,25839,1
14:17:35,16.14,1,1614,1
14:17:32,16.14,10,16140,1
14:17:29,16.14,2,3228,-1
14:17:26,16.15,5,8074,1
14:17:23,16.15,6,9690,-1
14:17:20,16.15,62,100129,1
14:17:17,16.13,68,109684,-1
14:17:14,16.14,46,74244,1
14:17:11,16.14,24,38736,1
14:17:08,16.14,500,807000,1
14:17:05,16.14,52,83928,1
14:17:02,16.14,42,67788,1
14:16:59,16.14,2,3228,1
14:16:56,16.14,25,40350,1
14:16:53,16.14,31,50034,1
14:16:50,16.14,5,8070,1
14:16:47,16.14,59,95226,1
14:16:44,16.14,9,14526,1
14:16:41,16.14,26,41964,1
14:16:38,16.14,1,1614,1
14:16:35,16.14,37,59718,1
14:16:32,16.12,8,12896,-1
14:16:29,16.14,6,9684,1
14:16:26,16.14,13,20982,1
14:16:23,16.14,367,592338,1
14:16:20,16.14,20,32280,1
14:16:17,16.12,26,41912,1
14:16:14,16.12,308,496496,1
14:16:11,16.12,9,14508,1
14:16:08,16.12,54,87048,1
14:16:05,16.12,36,58032,1
14:15:59,16.12,24,38688,1
14:15:56,16.12,116,186992,1
14:15:53,16.12,106,170872,1
14:15:50,16.11,100,161100,-1
14:15:47,16.12,8,12896,1
14:15:44,16.12,6,9672,1
14:15:41,16.12,4,6448,1
14:15:38,16.11,5,8055,-1
14:15:29,16.12,1,1612,1
14:15:26,16.12,17,27404,1
14:15:23,16.12,213,343356,-1
14:15:20,16.13,3,4839,1
14:15:17,16.13,16,25808,1
14:15:14,16.13,4,6452,1
14:15:11,16.13,1,1613,1
14:15:05,16.13,3,4839,1
14:15:02,16.13,4,6452,1
14:14:59,16.13,1,1613,1
14:14:56,16.13,31,50003,1
14:14:52,16.12,55,88660,-1
14:14:49,16.13,5,8064,1
14:14:40,16.13,8,12904,1
14:14:37,16.13,15,24195,-1
14:14:35,16.13,14,22582,1
14:14:32,16.13,24,38712,-1
14:14:27,16.14,10,16140,1
14:14:24,16.12,100,161200,-1
14:14:21,16.14,3,4842,1
14:14:18,16.14,11,17754,1
14:14:15,16.14,15,24210,1
14:14:12,16.14,101,163014,1
14:14:09,16.13,7,11291,1
14:14:07,16.13,49,79037,1
14:14:04,16.13,14,22582,1
14:14:00,16.13,4,6452,1
14:13:57,16.13,29,46777,0
14:13:54,16.14,504,813456,1
14:13:51,16.13,4,6452,0
14:13:48,16.14,53,85542,1
14:13:45,16.11,1,1611,-1
14:13:42,16.13,10,16129,1
14:13:39,16.11,5,8055,-1
14:13:36,16.14,62,100068,1
14:13:33,16.14,60,96840,1
14:13:30,16.13,10,16129,1
14:13:27,16.13,219,353247,1
14:13:24,16.13,0,0,1
14:13:21,16.13,8,12904,1
14:13:15,16.12,7,11284,1
14:13:12,16.11,25,40275,-1
14:13:09,16.12,1,1612,0
14:13:06,16.13,1,1613,1
14:13:03,16.13,34,54842,1
14:13:00,16.1,411,661710,-1
14:12:57,16.1,25,40250,-1
14:12:54,16.11,3,4833,1
14:12:51,16.1,26,41860,1
14:12:48,16.09,12,19308,1
14:12:39,16.1,25,40250,-1
14:12:36,16.12,400,644800,1
14:12:33,16.1,9,14490,1
14:12:30,16.08,27,43415,-1
14:12:27,16.1,18,28980,1
14:12:24,16.08,303,487223,-1
14:12:18,16.09,1,1609,1
14:12:15,16.08,5,8039,1
14:12:12,16.09,0,0,1
14:12:03,16.09,11,17699,1
14:12:00,16.07,2,3374,-1
14:11:57,16.08,8,12863,-1
14:11:54,16.09,6,9654,1
14:11:51,16.08,9,14471,-1
14:11:48,16.08,24,38591,-1
14:11:45,16.09,2,3218,1
14:11:42,16.09,28,45052,1
14:11:39,16.08,31,49847,1
14:11:36,16.08,10,16079,1
14:11:33,16.08,7,11255,1
14:11:30,16.08,75,120599,-1
14:11:27,16.09,25,40225,1
14:11:24,16.09,1,1609,1
14:11:21,16.09,42,67578,1
14:11:18,16.08,5,8039,-1
14:11:15,16.09,5,8045,1
14:11:12,16.09,76,122284,1
14:11:09,16.09,4,6436,1
14:11:06,16.09,1,1609,1
14:11:03,16.09,10,16090,1
14:11:00,16.09,7,11263,1
14:10:57,16.09,5,8045,1
14:10:48,16.09,14,22526,1
14:10:45,16.08,1,1607,1
14:10:36,16.08,12,19295,1
14:10:33,16.05,69,110745,-1
14:10:30,16.08,5,8039,1
14:10:27,16.06,37,59421,1
14:10:24,16.06,27,43362,1
14:10:21,16.06,15,24089,1
14:10:18,16.06,1,1605,1
14:10:15,16.06,9,14453,1
14:10:12,16.06,8,12847,1
14:10:09,16.06,1,1605,1
14:10:06,16.06,15,24089,1
14:10:03,16.06,23,36938,1
14:10:00,16.06,101,162206,1
14:09:57,16.06,36,57815,1
14:09:54,16.06,34,54603,1
14:09:51,16.06,10,16059,1
14:09:48,16.06,135,216809,-1
14:09:45,16.06,577,926661,-1
14:09:42,16.06,9,14453,-1
14:09:36,16.06,17,27301,-1
14:09:30,16.06,11,17666,1
14:09:27,16.05,5,8025,-1
14:09:24,16.07,2,3214,1
14:09:21,16.07,21,33747,1
14:09:18,16.06,5,8029,1
14:09:15,16.06,4,6423,1
14:09:12,16.06,89,144379,-1
14:09:09,16.07,58,93206,1
14:09:06,16.07,38,61066,1
14:09:00,16.07,1,1607,1
14:08:57,16.07,6,9642,1
14:08:54,16.06,40,64239,-1
14:08:51,16.06,13,20878,-1
14:08:48,16.07,110,176770,-1
14:08:45,16.08,7,11255,1
14:08:42,16.07,1,1607,-1
14:08:33,16.08,14,22511,1
14:08:30,16.08,7,11255,1
14:08:27,16.08,137,221582,-1
14:08:24,16.1,12,19642,1
14:08:21,16.09,1,1609,1
14:08:18,16.09,16,27031,-1
14:08:15,16.09,10,16090,-1
14:08:12,16.09,5,8045,-1
14:08:09,16.09,5,8045,-1
14:08:06,16.09,54,86886,-1
14:08:03,16.1,12,19320,1
14:08:00,16.1,14,22540,1
14:07:57,16.1,15,24150,1
14:07:54,16.09,234,376506,-1
14:07:51,16.1,5,8050,1
14:07:45,16.09,8,12872,-1
14:07:42,16.09,39,62751,-1
14:07:39,16.09,30,48270,-1
14:07:36,16.1,2,3220,1
14:07:33,16.1,28,45080,1
14:07:30,16.1,5,8050,1
14:07:27,16.1,30,48300,1
14:07:21,16.1,3,4830,1
14:07:18,16.1,59,94990,1
14:07:15,16.1,2,3381,1
14:07:12,16.09,56,90104,-1
14:07:09,16.1,4,6440,1
14:07:06,16.1,15,24150,1
14:07:03,16.1,3,4830,1
14:07:00,16.09,30,48270,-1
14:06:57,16.1,6,9660,1
14:06:54,16.1,5,8050,1
14:06:45,16.1,5,8050,1
14:06:42,16.1,24,40089,-1
14:06:39,16.11,1,1611,1
14:06:36,16.11,23,37053,1
14:06:33,16.11,55,88605,1
14:06:27,16.1,9,14490,-1
14:06:24,16.1,11,17710,-1
14:06:21,16.11,7,11277,1
14:06:18,16.11,10,16110,1
14:06:15,16.1,32,51520,-1
14:06:12,16.11,5,8055,1
14:06:03,16.11,7,11277,1
14:06:00,16.11,7,11277,1
14:05:57,16.1,5,8050,-1
14:05:54,16.11,11,17721,0
14:05:51,16.1,220,354200,-1
14:05:45,16.11,1,1611,1
14:05:42,16.11,3,4833,1
14:05:39,16.11,56,90216,-1
14:05:33,16.12,18,29016,1
14:05:30,16.12,11,17732,1
14:05:27,16.12,5,8060,1
14:05:21,16.12,4,6448,1
14:05:18,16.12,4,6448,1
14:05:15,16.13,2,3226,1
14:05:12,16.12,14,22568,-1
14:05:09,16.12,10,16120,-1
14:05:06,16.13,5,8064,1
14:05:00,16.12,5,8060,-1
14:04:54,16.13,5,8064,1
14:04:51,16.13,1,1613,1
14:04:48,16.13,21,33873,1
14:04:45,16.12,235,378820,-1
14:04:42,16.13,34,54842,1
14:04:39,16.12,20,32240,-1
14:04:36,16.13,1,1613,1
14:04:33,16.12,28,45136,-1
14:04:30,16.12,10,16120,-1
14:04:24,16.13,5,8064,1
14:04:21,16.13,5,8064,1
14:04:12,16.12,11,17732,-1
14:04:06,16.13,4,6452,1
14:04:03,16.12,39,62868,-1
14:03:57,16.13,6,9678,1
14:03:54,16.12,36,58032,-1
14:03:48,16.13,5,8064,1
14:03:39,16.13,14,22582,1
14:03:33,16.13,27,43551,1
14:03:29,16.13,7,11291,1
14:03:27,16.13,4,6452,1
14:03:23,16.13,46,74198,1
14:03:20,16.12,111,178932,-1
14:03:18,16.13,6,9678,1
14:03:15,16.13,2,3226,1
14:03:12,16.12,14,22568,-1
14:03:09,16.13,18,29034,1
14:03:05,16.12,48,77376,-1
14:03:03,16.13,69,111297,1
14:02:59,16.13,1,1613,1
14:02:56,16.13,8,12904,1
14:02:53,16.13,6,9678,1
14:02:50,16.13,102,164526,-1
14:02:47,16.14,1,1614,1
14:02:44,16.14,26,41964,1
14:02:41,16.14,2,3228,1
14:02:38,16.13,14,22582,-1
14:02:35,16.14,25,40350,1
14:02:32,16.14,7,11298,1
14:02:29,16.13,60,96780,-1
14:02:26,16.14,12,19368,1
14:02:23,16.14,9,14526,1
14:02:20,16.14,40,64560,1
14:02:11,16.14,18,29052,1
14:02:08,16.14,9,14526,1
14:02:05,16.14,13,20982,1
14:02:02,16.14,3,4842,1
14:01:59,16.14,45,72630,-1
14:01:56,16.14,20,32280,-1
14:01:53,16.15,16,25839,1
14:01:50,16.15,12,19380,1
14:01:47,16.15,5,8074,1
14:01:44,16.14,38,61332,-1
14:01:41,16.14,12,19368,-1
14:01:38,16.15,55,88824,1
14:01:35,16.14,36,58104,1
14:01:32,16.14,11,17754,1
14:01:29,16.14,87,140418,1
14:01:26,16.14,34,54876,1
14:01:23,16.14,61,98454,1
14:01:20,16.14,5,8070,1
14:01:17,16.14,3,4842,1
14:01:14,16.14,53,85542,1
14:01:11,16.14,36,58104,1
14:01:08,16.14,45,72630,1
14:01:05,16.13,27,43551,-1
14:01:02,16.14,9,14526,1
14:00:59,16.13,30,48390,-1
14:00:56,16.14,11,17754,1
14:00:53,16.14,50,80700,1
14:00:50,16.13,32,51616,1
14:00:47,16.12,36,58032,-1
14:00:44,16.12,8,12896,-1
14:00:41,16.13,1,1613,1
14:00:38,16.13,15,24195,1
14:00:35,16.13,64,103232,1
14:00:32,16.13,5,8064,1
14:00:29,16.12,13,20956,1
14:00:26,16.11,49,78939,-1
14:00:23,16.12,17,27404,1
14:00:20,16.12,32,51584,1
14:00:17,16.12,81,130572,1
14:00:14,16.11,1,1611,-1
14:00:08,16.12,28,45136,1
14:00:05,16.11,229,369466,1
13:59:59,16.11,8,12888,1
13:59:56,16.11,10,16110,1
13:59:53,16.11,184,296585,1
13:59:50,16.1,99,159390,1
13:59:47,16.1,15,24150,1
13:59:44,16.1,8,12880,1
13:59:41,16.09,11,17731,-1
13:59:38,16.1,68,109480,1
13:59:35,16.1,20,32200,1
13:59:32,16.1,43,69230,1
13:59:29,16.1,40,64400,1
13:59:26,16.1,6,9660,1
13:59:23,16.1,21,33810,1
13:59:20,16.1,38,61308,1
13:59:17,16.09,139,223651,-1
13:59:14,16.1,27,43470,1
13:59:11,16.1,2,3220,1
13:59:08,16.1,43,69230,1
13:59:05,16.1,7,11270,1
13:59:02,16.1,2,3220,1
13:58:59,16.1,56,90160,1
13:58:56,16.09,10,16090,-1
13:58:53,16.1,7,11270,1
13:58:50,16.1,41,66010,1
13:58:47,16.09,5,8045,-1
13:58:44,16.1,3,4830,1
13:58:41,16.1,7,11270,1
13:58:38,16.09,77,123893,-1
13:58:35,16.1,16,25760,1
13:58:29,16.09,5,8045,1
13:58:26,16.09,1,1609,1
13:58:23,16.09,4,6436,1
13:58:20,16.08,82,131856,-1
13:58:17,16.08,21,33768,-1
13:58:14,16.09,2,3218,1
13:58:11,16.09,42,67578,1
13:58:08,16.09,21,33789,1
13:58:02,16.09,1,1609,1
13:57:59,16.08,15,24119,-1
13:57:56,16.08,37,59495,-1
13:57:53,16.09,3,4827,1
13:57:50,16.09,52,83668,1
13:57:47,16.08,67,107735,-1
13:57:44,16.08,31,49847,-1
13:57:38,16.09,16,25744,1
13:57:35,16.09,28,45052,1
13:57:32,16.08,1,1607,-1
13:57:26,16.09,7,11263,1
13:57:23,16.09,10,16090,1
13:57:20,16.08,67,107735,-1
13:57:14,16.09,4,6436,1
13:57:11,16.08,11,17687,-1
13:57:08,16.09,2,3218,1
13:57:05,16.09,7,11263,1
13:57:02,16.09,36,57924,1
13:56:59,16.09,6,9654,1
13:56:56,16.08,124,199391,-1
13:56:53,16.09,76,122284,1
13:56:50,16.09,2,3218,1
13:56:47,16.08,60,96479,-1
13:56:41,16.09,7,11263,1
13:56:38,16.09,20,32180,1
13:56:35,16.09,43,69187,1
13:56:32,16.08,35,56279,1
13:56:29,16.08,108,173663,1
13:56:26,16.07,11,17677,-1
13:56:23,16.08,5,8039,1
13:56:20,16.08,37,59495,1
13:56:17,16.08,57,91655,1
13:56:10,16.08,3,4823,1
13:56:08,16.07,34,54638,-1
13:56:04,16.08,1,1607,1
13:56:02,16.07,50,80350,-1
13:55:59,16.08,1,1607,1
13:55:56,16.08,7,11255,1
13:55:53,16.08,10,16079,-1
13:55:50,16.09,25,40225,1
13:55:46,16.09,12,19308,1
13:55:44,16.08,53,85223,-1
13:55:41,16.08,12,19295,-1
13:55:38,16.08,51,82007,-1
13:55:35,16.09,21,33789,1
13:55:32,16.08,108,173663,-1
13:55:21,16.09,4,6436,1
13:55:18,16.09,3,4827,1
13:55:15,16.09,42,67578,-1
13:55:12,16.1,116,186760,1
13:55:09,16.09,13,20917,-1
13:55:06,16.09,11,17699,-1
13:55:03,16.1,14,22540,1
13:55:00,16.09,14,22526,-1
13:54:57,16.1,1,1610,1
13:54:54,16.09,7,11263,-1
13:54:51,16.09,1,1609,-1
13:54:48,16.09,6,9654,-1
13:54:45,16.1,7,11270,1
13:54:42,16.09,163,262267,1
13:54:39,16.08,44,70751,-1
13:54:36,16.09,6,9654,1
13:54:33,16.09,7,11263,1
13:54:27,16.08,6,9647,-1
13:54:24,16.09,5,8045,1
13:54:21,16.09,35,56315,1
13:54:18,16.09,106,170554,1
13:54:15,16.09,6,9654,1
13:54:12,16.09,10,16090,1
13:54:06,16.09,4,6436,1
13:54:03,16.09,35,56315,-1
13:54:00,16.09,14,22526,-1
13:53:57,16.1,199,321839,1
13:53:54,16.1,10,16100,1
13:53:51,16.1,13,21091,1
13:53:48,16.09,17,27353,-1
13:53:45,16.1,2,3220,1
13:53:42,16.1,5,8050,1
13:53:33,16.1,8,12880,1
13:53:30,16.1,16,25760,-1
13:53:27,16.11,16,25776,1
13:53:24,16.11,105,169155,1
13:53:21,16.09,5,9106,-1
13:53:18,16.1,25,40797,1
13:53:12,16.09,2,3218,1
13:53:09,16.09,15,24135,1
13:53:06,16.09,48,78293,-1
13:53:03,16.11,138,222865,1
13:52:57,16.1,5,8050,1
13:52:54,16.1,2,3220,1
13:52:51,16.1,4,6440,1
13:52:48,16.1,5,8050,1
13:52:45,16.1,19,30590,1
13:52:42,16.1,14,23602,-1
13:52:39,16.1,68,109480,-1
13:52:36,16.11,13,20943,1
13:52:30,16.1,19,30590,-1
13:52:27,16.1,126,202860,-1
13:52:24,16.11,74,119214,1
13:52:21,16.1,147,237217,1
13:52:18,16.1,5,8050,1
13:52:15,16.1,53,85330,1
13:52:12,16.09,27,43443,-1
13:52:09,16.1,6,9660,1
13:52:06,16.07,42,67494,-1
13:52:03,16.1,67,107870,1
13:52:00,16.1,2,3220,1
13:51:57,16.1,21,33810,1
13:51:54,16.09,4,6436,-1
13:51:51,16.1,5,8050,1
13:51:42,16.1,18,28980,1
13:51:39,16.07,108,173556,-1
13:51:36,16.08,5,8039,1
13:51:33,16.08,85,136680,1
13:51:30,16.08,5,8039,1
13:51:24,16.08,16,25727,-1
13:51:21,16.09,1,1609,1
13:51:18,16.09,27,43443,1
13:51:15,16.07,93,149451,-1
13:51:12,16.08,1,1607,-1
13:51:06,16.09,6,9654,1
13:51:03,16.08,42,67536,1
13:51:00,16.08,102,164015,1
13:50:57,16.08,26,41807,1
13:50:54,16.08,13,20903,1
13:50:51,16.08,261,419687,-1
13:50:48,16.08,10,16079,-1
13:50:45,16.08,28,45023,-1
13:50:42,16.1,103,165830,1
13:50:39,16.09,105,168945,1
13:50:36,16.09,86,138374,1
13:50:33,16.09,38,61142,1
13:50:30,16.08,26,41807,-1
13:50:27,16.08,16,25727,-1
13:50:24,16.08,52,83615,-1
13:50:21,16.09,3,4827,1
13:50:18,16.09,21,33789,1
13:50:15,16.08,60,96479,1
13:50:12,16.08,9,14471,1
13:50:09,16.08,24,38591,1
13:50:06,16.07,44,70708,-1
13:50:03,16.08,64,102911,1
13:50:00,16.08,4,6431,1
13:49:57,16.08,22,35375,-1
13:49:54,16.09,99,159291,1
13:49:51,16.08,7,11255,1
13:49:48,16.08,18,28943,1
13:49:45,16.07,18,28926,-1
13:49:42,16.07,86,138202,-1
13:49:39,16.08,18,28943,1
13:49:36,16.07,186,298902,-1
13:49:33,16.07,25,40175,-1
13:49:30,16.07,18,28926,-1
13:49:27,16.08,12,19295,1
13:49:24,16.07,147,236229,-1
13:49:21,16.08,31,50008,1
13:49:18,16.06,93,149358,-1
13:49:15,16.07,4,6428,1
13:49:12,16.06,6,9636,-1
13:49:09,16.06,12,19272,-1
13:49:06,16.07,15,24105,1
13:49:03,16.06,127,203961,-1
13:49:00,16.07,28,44996,1
13:48:57,16.06,40,64239,-1
13:48:54,16.06,34,54603,-1
13:48:51,16.07,93,150897,-1
13:48:48,16.08,41,66088,1
13:48:45,16.07,101,162307,-1
13:48:42,16.08,60,96479,1
13:48:39,16.08,24,38591,1
13:48:36,16.08,108,173663,1
13:48:33,16.08,75,120599,-1
13:48:30,16.08,80,128639,1
13:48:27,16.07,5,8035,-1
13:48:24,16.08,31,49847,1
13:48:21,16.08,5,8039,1
13:48:18,16.08,1,1607,1
13:48:15,16.08,10,16079,-1
13:48:12,16.08,115,184919,1
13:48:09,16.08,56,90047,-1
13:48:06,16.08,15,24119,-1
13:48:03,16.08,40,64319,-1
13:48:00,16.1,45,72450,0
13:47:57,16.11,200,322200,1
13:47:54,16.1,6,9660,0
13:47:51,16.1,51,82110,-1
13:47:48,16.11,62,99882,1
13:47:45,16.1,152,244720,-1
13:47:42,16.1,78,125580,-1
13:47:39,16.11,25,40275,-1
13:47:36,16.12,45,72540,1
13:47:33,16.11,19,30609,0
13:47:30,16.12,85,137020,1
13:47:27,16.1,57,91770,-1
13:47:21,16.12,4,6448,1
13:47:18,16.12,59,95108,1
13:47:15,16.12,64,103168,-1
13:47:12,16.14,233,376062,1
13:47:09,16.12,191,307892,-1
13:47:06,16.12,103,166036,-1
13:47:03,16.13,130,209690,1
13:47:00,16.13,5,8064,1
13:46:57,16.12,93,149916,-1
13:46:54,16.12,443,714116,-1
13:46:51,16.13,38,61293,1
13:46:48,16.12,83,133796,-1
13:46:45,16.12,7,11284,-1
13:46:42,16.13,79,127426,1
13:46:39,16.13,81,130652,1
13:46:36,16.13,40,64519,-1
13:46:33,16.13,110,177430,-1
13:46:30,16.14,45,72630,1
13:46:27,16.14,47,75858,1
13:46:24,16.13,17,27421,-1
13:46:21,16.14,15,24210,1
13:46:18,16.15,161,260014,1
13:46:15,16.14,166,267924,-1
13:46:12,16.14,269,434166,-1
13:46:09,16.14,56,90384,-1
13:46:06,16.14,37,59718,-1
13:46:03,16.14,598,965172,-1
13:46:00,16.15,5,8074,1
13:45:54,16.15,1,1614,1
13:45:51,16.15,31,50064,1
13:45:48,16.14,47,77310,-1
13:45:45,16.15,63,101744,-1
13:45:42,16.16,29,46864,1
13:45:39,16.15,30,48449,-1
13:45:36,16.16,9,14544,1
13:45:33,16.16,61,98576,1
13:45:30,16.16,5,8080,1
13:45:27,16.15,50,80750,-1
13:45:24,16.16,74,119584,1
13:45:21,16.15,6,9690,-1
13:45:15,16.15,15,24224,-1
13:45:12,16.15,3,4845,-1
13:45:09,16.16,1,1616,1
13:45:06,16.16,15,24240,1
13:45:03,16.15,65,104974,-1
13:44:57,16.16,60,96960,1
13:44:51,16.16,12,19392,1
13:44:48,16.15,120,193799,-1
13:44:42,16.16,144,232704,1
13:44:36,16.16,79,127664,1
13:44:33,16.15,96,155040,-1
13:44:27,16.15,53,85594,-1
13:44:24,16.16,1,1616,1
13:44:21,16.16,6,9696,1
13:44:18,16.16,3,4848,1
13:44:15,16.15,1,1614,-1
13:44:12,16.16,5,8080,1
13:44:05,16.15,14,22609,-1
13:44:03,16.15,4,6459,-1
13:43:59,16.15,31,50064,-1
13:43:56,16.16,9,14544,1
13:43:53,16.16,6,9696,1
13:43:51,16.16,10,16160,1
13:43:47,16.16,1,1616,0
13:43:44,16.17,4,6468,1
13:43:41,16.16,3,4848,0
13:43:38,16.17,124,200508,1
13:43:36,16.17,27,43659,1
13:43:33,16.17,14,22638,1
13:43:29,16.17,101,163317,1
13:43:26,16.17,7,11319,1
13:43:23,16.17,1,1617,1
13:43:20,16.16,58,93728,-1
13:43:17,16.17,2,3234,1
13:43:14,16.16,20,32320,1
13:43:11,16.16,2,3232,1
13:43:08,16.17,94,151998,1
13:43:05,16.16,27,43632,1
13:43:02,16.15,54,87209,-1
13:42:59,16.16,19,30704,1
13:42:56,16.16,147,237552,-1
13:42:53,16.16,16,25856,-1
13:42:50,16.17,48,77616,1
13:42:47,16.16,1,1616,0
13:42:44,16.15,18,29069,-1
13:42:41,16.17,9,14553,1
13:42:38,16.16,101,163216,1
13:42:35,16.16,56,90496,1
13:42:32,16.16,7,11312,1
13:42:29,16.16,155,250480,1
13:42:20,16.17,5,8085,1
13:42:17,16.16,2,3232,-1
13:42:14,16.17,9,14553,1
13:42:11,16.17,6,9702,1
13:42:08,16.17,44,71148,1
13:42:05,16.17,91,147147,1
13:42:02,16.16,28,45248,1
13:41:59,16.16,164,265185,1
13:41:56,16.16,19,30704,1
13:41:50,16.16,3,4848,1
13:41:47,16.15,35,56524,-1
13:41:44,16.16,2,3232,1
13:41:41,16.16,45,72720,1
13:41:38,16.16,3,4848,1
13:41:35,16.16,39,63024,1
13:41:32,16.16,70,113120,1
13:41:29,16.15,5,8074,-1
13:41:26,16.16,4,6464,1
13:41:23,16.16,63,101808,1
13:41:20,16.15,15,24224,-1
13:41:17,16.16,6,9696,1
13:41:14,16.16,82,132512,1
13:41:11,16.16,60,96960,1
13:41:08,16.16,32,51712,1
13:41:05,16.16,54,87264,1
13:41:02,16.16,10,16160,1
13:40:59,16.15,100,161500,-1
13:40:56,16.16,16,25856,1
13:40:53,16.16,25,40400,1
13:40:50,16.15,59,95284,-1
13:40:47,16.16,1,1616,1
13:40:44,16.15,30,48449,-1
13:40:41,16.16,15,24240,1
13:40:38,16.15,5,8074,-1
13:40:35,16.15,24,38760,-1
13:40:32,16.15,6,9690,-1
13:40:29,16.16,32,51712,1
13:40:26,16.16,38,61408,1
13:40:23,16.16,373,602768,1
13:40:20,16.15,102,164730,-1
13:40:17,16.16,5,8080,1
13:40:14,16.16,1,1616,1
13:40:11,16.15,5,8074,-1
13:40:08,16.16,35,56560,1
13:40:05,16.15,20,32299,-1
13:40:02,16.16,3,4848,1
13:39:59,16.16,51,82416,1
13:39:56,16.16,5,8080,1
13:39:50,16.16,10,16160,1
13:39:47,16.16,14,22624,1
13:39:44,16.16,169,273104,-1
13:39:38,16.17,4,6468,1
13:39:35,16.18,58,93844,1
13:39:32,16.16,138,223008,-1
13:39:29,16.17,3,4851,1
13:39:26,16.17,58,93786,1
13:39:23,16.17,15,24255,1
13:39:20,16.17,16,25872,1
13:39:17,16.17,26,42042,1
13:39:14,16.17,12,19404,0
13:39:11,16.18,65,105170,1
13:39:08,16.18,1,1618,1
13:39:05,16.18,37,59866,1
13:39:02,16.18,6,9708,1
13:38:59,16.17,7,11319,-1
13:38:56,16.18,18,29124,1
13:38:50,16.18,4,6472,1
13:38:47,16.18,4,6472,1
13:38:44,16.16,79,127664,-1
13:38:41,16.17,6,9702,1
13:38:38,16.17,17,27489,1
13:38:35,16.17,33,53361,1
13:38:32,16.17,10,16170,1
13:38:29,16.16,65,105040,-1
13:38:26,16.17,1,1617,1
13:38:20,16.17,9,14553,1
13:38:17,16.17,69,111573,-1
13:38:14,16.18,1,1618,1
13:38:11,16.17,3,4851,-1
13:38:08,16.18,24,38832,1
13:38:05,16.18,490,792820,1
13:38:02,16.16,10,16160,-1
13:37:59,16.17,10,16170,1
13:37:56,16.17,51,82467,1
13:37:53,16.16,7,11312,-1
13:37:50,16.16,2,3232,-1
13:37:47,16.17,8,12936,1
13:37:44,16.16,9,14544,-1
13:37:35,16.17,26,42042,1
13:37:32,16.17,51,82467,1
13:37:28,16.17,79,127743,-1
13:37:26,16.17,179,289443,-1
13:37:23,16.17,29,46893,-1
13:37:20,16.18,12,19416,1
13:37:17,16.18,28,45304,1
13:37:14,16.17,87,140679,-1
13:37:11,16.18,26,42068,1
13:37:08,16.18,23,37214,1
13:37:05,16.17,75,121275,-1
13:37:02,16.18,34,55012,1
13:36:59,16.18,55,88990,1
13:36:56,16.16,40,64640,-1
13:36:53,16.17,1,1617,1
13:36:49,16.17,1,1617,1
13:36:46,16.17,22,35574,1
13:36:43,16.17,3,4851,1
13:36:39,16.17,47,75999,1
13:36:36,16.17,12,19404,1
13:36:33,16.16,37,59792,-1
13:36:31,16.17,1,1617,1
13:36:27,16.16,6,9696,-1
13:36:25,16.17,10,16170,0
13:36:21,16.16,14,22624,-1
13:36:16,16.18,5,8090,1
13:36:12,16.16,69,111504,-1
13:36:09,16.17,9,14553,1
13:36:06,16.17,7,11319,1
13:36:03,16.17,51,82467,1
13:36:00,16.17,33,53361,1
13:35:57,16.17,4,6468,1
13:35:54,16.16,3,4848,-1
13:35:51,16.17,33,53361,1
13:35:48,16.17,1,1617,1
13:35:39,16.17,8,12936,1
13:35:36,16.17,53,87156,-1
13:35:33,16.18,20,32360,1
13:35:30,16.17,105,169785,-1
13:35:24,16.18,11,17798,1
13:35:21,16.18,13,21034,1
13:35:18,16.17,44,71148,-1
13:35:15,16.18,12,19416,1
13:35:12,16.17,30,48510,-1
13:35:09,16.17,6,9702,-1
13:35:06,16.18,15,24270,1
13:35:03,16.17,25,40425,-1
13:35:00,16.18,1,1618,1
13:34:57,16.18,12,19416,1
13:34:54,16.18,48,77664,1
13:34:51,16.18,28,45304,1
13:34:48,16.17,1,1617,-1
13:34:45,16.18,5,8090,0
13:34:42,16.19,6,9714,1
13:34:39,16.18,14,22652,-1
13:34:36,16.18,20,32360,1
13:34:33,16.18,59,95462,1
13:34:30,16.18,5,8090,1
13:34:27,16.18,50,80900,1
13:34:24,16.18,5,8090,1
13:34:18,16.17,2,3395,-1
13:34:15,16.17,5,8085,-1
13:34:12,16.18,4,6472,1
13:34:09,16.18,1,1618,0
13:34:06,16.19,4,6476,1
13:34:03,16.19,69,111711,1
13:34:00,16.18,5,8090,1
13:33:57,16.18,2,3236,1
13:33:54,16.18,68,110024,1
13:33:51,16.17,12,19404,-1
13:33:48,16.17,100,161700,-1
13:33:45,16.18,2,3236,1
13:33:42,16.18,1,1618,1
13:33:39,16.17,33,53361,-1
13:33:36,16.18,2,3236,1
13:33:33,16.18,52,84136,1
13:33:30,16.18,12,19416,1
13:33:27,16.18,28,45304,1
13:33:18,16.18,24,38832,-1
13:33:15,16.18,62,100316,-1
13:33:12,16.18,39,63102,-1
13:33:09,16.19,57,92283,1
13:33:06,16.18,118,190924,-1
13:33:03,16.19,41,66379,1
13:33:00,16.19,12,19428,1
13:32:57,16.19,18,29142,1
13:32:54,16.19,4,6476,1
13:32:51,16.19,3,4857,1
13:32:48,16.18,17,27506,-1
13:32:45,16.19,31,50189,1
13:32:42,16.18,59,95462,-1
13:32:39,16.18,41,66338,-1
13:32:36,16.19,48,77712,1
13:32:33,16.18,43,69574,-1
13:32:27,16.18,0,0,-1
13:32:24,16.18,16,25888,-1
13:32:21,16.19,9,14571,1
13:32:18,16.18,73,118114,-1
13:32:15,16.19,11,17809,1
13:32:12,16.19,15,24285,1
13:32:06,16.19,3,4857,1
13:32:03,16.19,45,72855,1
13:32:00,16.19,40,64760,-1
13:31:57,16.2,1,1620,1
13:31:54,16.19,7,11333,-1
13:31:51,16.2,4,6480,1
13:31:48,16.2,107,173340,1
13:31:45,16.2,19,30780,1
13:31:42,16.2,32,51840,1
13:31:39,16.2,5,8100,1
13:31:36,16.2,6,9720,-1
13:31:33,16.22,67,108673,1
13:31:30,16.2,36,58320,-1
13:31:27,16.21,18,29178,-1
13:31:24,16.21,197,319337,0
13:31:21,16.17,121,195657,-1
13:31:18,16.2,43,69660,-1
13:31:15,16.21,113,183173,-1
13:31:12,16.19,1020,1651380,-1
13:31:09,16.2,274,443880,1
13:31:06,16.17,1687,2727879,1
13:31:00,16.17,3,4851,0
13:30:57,16.19,70,113330,1
13:30:54,16.19,44,71236,1
13:30:51,16.19,1053,1704807,1
13:30:48,16.18,19,30742,1
13:30:45,16.18,1,1618,1
13:30:42,16.18,5,8090,1
13:30:39,16.18,4,6472,1
13:30:36,16.17,37,59829,-1
13:30:33,16.17,94,151998,-1
13:30:30,16.18,14,22652,1
13:30:27,16.17,43,69531,-1
13:30:24,16.18,8,12944,1
13:30:21,16.17,35,56595,-1
13:30:18,16.18,49,79282,1
13:30:15,16.17,29,46893,1
13:30:12,16.17,8,12936,1
13:30:09,16.17,88,142296,1
13:30:06,16.17,57,92169,1
13:30:03,16.16,88,142208,-1
13:30:00,16.16,23,37168,-1
13:29:57,16.17,13,21021,1
13:29:54,16.17,84,135828,1
13:29:51,16.17,7,11319,1
13:29:48,16.17,11,17787,1
13:29:45,16.17,14,22638,1
13:29:42,16.17,77,124509,-1
13:29:39,16.18,2,3236,1
13:29:36,16.18,6,9708,1
13:29:33,16.16,214,345824,-1
13:29:30,16.17,7,11319,-1
13:29:27,16.17,30,48510,-1
13:29:24,16.18,24,38832,1
13:29:21,16.17,38,61446,0
13:29:18,16.16,292,471872,-1
13:29:15,16.17,13,21021,0
13:29:12,16.18,51,82518,1
13:29:09,16.16,620,1001920,-1
13:29:06,16.17,35,56595,-1
13:29:03,16.16,40,64640,0
13:29:00,16.15,143,230944,-1
13:28:57,16.15,2077,3354354,-1
13:28:54,16.16,2,3232,1
13:28:51,16.16,37,59792,1
13:28:48,16.16,34,54944,1
13:28:45,16.16,888,1436462,-1
13:28:42,16.16,18,29088,-1
13:28:39,16.17,49,79233,1
13:28:36,16.17,27,43820,1
13:28:33,16.17,35,56595,1
13:28:30,16.17,39,63063,1
13:28:27,16.17,586,949017,-1
13:28:24,16.18,20,32360,1
13:28:21,16.17,137,221529,-1
13:28:18,16.18,12,19416,1
13:28:15,16.17,33,53361,-1
13:28:12,16.18,26,42068,1
13:28:09,16.17,110,177870,-1
13:28:06,16.17,6,9702,-1
13:28:03,16.18,25,40450,1
13:27:57,16.17,5,8085,-1
13:27:54,16.18,13,21034,1
13:27:48,16.18,2,3236,1
13:27:45,16.18,10,16180,1
13:27:42,16.19,106,171614,1
13:27:39,16.18,299,483782,-1
13:27:36,16.18,221,357578,-1
13:27:33,16.18,108,174744,-1
13:27:30,16.18,43,69574,-1
13:27:27,16.19,42,67998,1
13:27:24,16.18,16,25888,-1
13:27:21,16.18,23,37214,-1
13:27:18,16.19,11,17809,1
13:27:15,16.19,3,4857,1
13:27:12,16.19,60,97140,1
13:27:09,16.18,23,37214,-1
13:27:06,16.19,9,14571,1
13:27:03,16.19,51,82569,1
13:27:00,16.18,342,553356,-1
13:26:57,16.19,16,25904,-1
13:26:54,16.19,51,82569,-1
13:26:51,16.2,16,25920,1
13:26:48,16.2,2,3240,1
13:26:45,16.2,5,8100,1
13:26:42,16.2,11,17820,1
13:26:39,16.2,245,398325,-1
13:26:36,16.2,50,81000,-1
13:26:33,16.2,53,85860,-1
13:26:30,16.2,18,29160,-1
13:26:27,16.21,55,89155,1
13:26:24,16.2,117,189540,-1
13:26:21,16.2,13,21060,-1
13:26:18,16.2,44,71280,-1
13:26:15,16.2,52,84240,-1
13:26:09,16.21,5,8105,1
13:26:06,16.21,40,64840,1
13:26:03,16.21,8,12968,1
13:26:00,16.2,76,123120,-1
13:25:54,16.21,5,8105,0
13:25:51,16.21,147,238287,-1
13:25:45,16.21,100,162100,-1
13:25:39,16.21,35,56735,-1
13:25:36,16.21,213,345273,-1
13:25:30,16.21,476,771596,1
13:25:23,16.21,32,51872,1
13:25:21,16.2,173,280260,-1
13:25:18,16.21,9,14589,1
13:25:15,16.2,14,22680,-1
13:25:11,16.21,4,6484,1
13:25:09,16.21,39,63219,1
13:25:06,16.2,111,179820,-1
13:25:02,16.21,9,14589,1
13:25:00,16.21,8,12968,1
13:24:56,16.21,77,124817,1
13:24:53,16.21,5,8105,1
13:24:50,16.21,24,38904,1
13:24:47,16.2,14,22680,-1
13:24:44,16.21,37,59977,1
13:24:41,16.21,11,17831,1
13:24:38,16.21,51,82671,1
13:24:36,16.21,31,50251,1
13:24:32,16.21,1,1621,1
13:24:29,16.21,12,19452,1
13:24:26,16.21,6,9726,1
13:24:23,16.21,5,8105,1
13:24:21,16.2,86,139320,-1
13:24:17,16.21,102,165342,1
13:24:14,16.2,184,298274,1
13:24:11,16.2,30,48600,1
13:24:08,16.2,20,32400,1
13:24:05,16.2,102,165240,1
13:24:02,16.2,34,55080,1
13:23:59,16.2,75,121500,1
13:23:56,16.2,5,8100,1
13:23:53,16.2,1,1620,1
13:23:50,16.19,40,64760,1
13:23:47,16.19,198,320562,-1
13:23:44,16.2,925,1498500,1
13:23:41,16.2,25,40500,1
13:23:38,16.2,16,25920,1
13:23:35,16.2,145,234900,1
13:23:32,16.19,36,58284,-1
13:23:29,16.19,11,17809,-1
13:23:26,16.2,145,234900,1
13:23:23,16.19,507,820833,1
13:23:20,16.18,24,38832,0
13:23:17,16.19,18,29142,1
13:23:14,16.19,300,485700,1
13:23:11,16.18,14,22652,1
13:23:08,16.18,1,1618,1
13:23:05,16.17,14,22638,-1
13:23:02,16.18,77,124586,-1
13:22:59,16.18,104,168272,-1
13:22:56,16.18,63,101934,1
13:22:53,16.18,48,77664,1
13:22:50,16.18,50,80900,-1
13:22:47,16.18,6,9708,-1
13:22:44,16.18,36,58248,-1
13:22:41,16.18,77,124586,-1
13:22:38,16.18,25,40450,-1
13:22:35,16.18,5,8090,-1
13:22:32,16.18,185,299330,1
13:22:29,16.18,35,56630,1
13:22:26,16.18,9,14562,1
13:22:23,16.17,313,506121,-1
13:22:20,16.19,129,208851,1
13:22:17,16.18,62,100316,-1
13:22:14,16.18,13,21034,-1
13:22:11,16.18,142,229756,1
13:22:08,16.17,123,198891,-1
13:22:05,16.18,360,582480,1
13:22:02,16.18,169,273442,1
13:21:59,16.17,11,17787,-1
13:21:56,16.17,13,21021,-1
13:21:53,16.17,29,46893,-1
13:21:50,16.18,43,69574,1
13:21:47,16.18,200,323600,1
13:21:44,16.17,13,21021,-1
13:21:41,16.17,35,56595,-1
13:21:38,16.17,10,16170,-1
13:21:35,16.17,10,16170,-1
13:21:32,16.18,7,11326,1
13:21:29,16.18,42,67956,1
13:21:26,16.17,42,67914,-1
13:21:23,16.17,26,42042,-1
13:21:20,16.18,170,275060,1
13:21:17,16.18,9,14562,1
13:21:14,16.18,7,11326,1
13:21:11,16.17,42,67914,-1
13:21:08,16.18,134,216812,1
13:21:05,16.17,12,19404,-1
13:21:02,16.18,66,106788,1
13:20:59,16.18,56,90608,1
13:20:56,16.17,47,75999,-1
13:20:53,16.17,345,557865,-1
13:20:50,16.18,20,32360,-1
13:20:47,16.18,29,46922,0
13:20:44,16.18,110,177980,1
13:20:41,16.17,55,88935,-1
13:20:38,16.18,73,118114,1
13:20:35,16.17,19,30723,-1
13:20:32,16.18,4,6472,1
13:20:29,16.18,27,43686,1
13:20:26,16.18,18,29124,1
13:20:23,16.17,45,72765,-1
13:20:20,16.17,12,19404,-1
13:20:17,16.17,41,66297,-1
13:20:14,16.18,139,224902,1
13:20:11,16.18,6,9708,1
13:20:08,16.18,6,9869,1
13:20:05,16.18,15,24270,1
13:20:02,16.19,68,110092,1
13:19:59,16.18,52,84136,-1
13:19:56,16.19,39,63141,1
13:19:53,16.18,141,228138,-1
13:19:50,16.19,9,14571,-1
13:19:47,16.19,5,8095,0
13:19:44,16.2,28,45360,1
13:19:37,16.19,14,22666,-1
13:19:35,16.2,4,6480,1
13:19:32,16.2,9,14580,1
13:19:29,16.19,20,32380,-1
13:19:26,16.2,34,55080,1
13:19:23,16.2,122,197640,1
13:19:20,16.2,24,38880,1
13:19:17,16.2,17,27540,1
13:19:14,16.19,32,51808,-1
13:19:11,16.2,40,64800,1
13:19:08,16.19,27,43713,-1
13:19:05,16.19,4,6476,-1
13:19:02,16.2,8,12960,0
13:18:59,16.21,44,71324,1
13:18:56,16.2,34,55080,1
13:18:53,16.2,22,35640,1
13:18:50,16.19,172,278468,-1
13:18:47,16.21,12,19452,1
13:18:44,16.2,66,106920,-1
13:18:41,16.21,142,230182,1
13:18:38,16.2,173,280260,-1
13:18:31,16.2,73,118260,-1
13:18:29,16.2,23,37260,-1
13:18:26,16.21,88,142648,0
13:18:23,16.2,8,12960,-1
13:18:20,16.22,55,89210,1
13:18:17,16.21,424,687304,1
13:18:14,16.21,1,1621,1
13:18:10,16.2,6,9720,-1
13:18:07,16.21,18,29178,1
13:18:05,16.2,85,137700,-1
13:18:01,16.21,13,21073,-1
13:17:59,16.21,5,8105,-1
13:17:55,16.21,11,17831,-1
13:17:52,16.22,21,34062,1
13:17:49,16.2,23,37260,-1
13:17:46,16.21,31,50251,1
13:17:44,16.2,74,119880,-1
13:17:41,16.22,12,19464,-1
13:17:37,16.22,66,107051,-1
13:17:34,16.22,92,149224,1
13:17:31,16.2,869,1407780,1
13:17:28,16.2,23,37260,0
13:17:24,16.19,35,56665,-1
13:17:21,16.2,122,197640,1
13:17:18,16.21,35,56735,0
13:17:15,16.19,135,218565,-1
13:17:13,16.2,1335,2162700,1
13:17:09,16.19,59,95521,1
13:17:06,16.18,58,93844,-1
13:17:03,16.2,46,74520,1
13:17:00,16.2,36,58320,1
13:16:57,16.2,385,623700,-1
13:16:56,16.2,241,390420,-1
13:16:51,16.2,63,102060,-1
13:16:48,16.21,8,12968,1
13:16:45,16.21,13,21073,1
13:16:42,16.21,160,259360,-1
13:16:39,16.22,249,403878,1
13:16:36,16.21,58,94018,-1
13:16:33,16.22,53,85966,1
13:16:30,16.22,10,16219,1
13:16:27,16.22,4,6488,1
13:16:24,16.22,51,82722,1
13:16:21,16.22,111,180042,1
13:16:18,16.22,4,6488,1
13:16:15,16.22,23,37306,0
13:16:12,16.21,62,100502,-1
13:16:09,16.21,236,382556,-1
13:16:06,16.22,32,51904,-1
13:16:03,16.23,150,243450,1
13:16:00,16.23,127,206121,1
13:15:57,16.22,55,89210,1
13:15:54,16.22,6,9732,1
13:15:51,16.22,47,76234,1
13:15:48,16.21,23,37283,-1
13:15:45,16.22,17,27573,-1
13:15:42,16.23,157,254811,1
13:15:39,16.23,235,381405,1
13:15:36,16.22,57,92454,-1
13:15:33,16.22,14,22708,-1
13:15:30,16.22,75,121649,1
13:15:27,16.21,222,359862,-1
13:15:24,16.23,396,642708,1
13:15:21,16.22,141,228701,-1
13:15:18,16.22,334,541748,-1
13:15:15,16.22,48,77856,1
13:15:12,16.21,19,30799,-1
13:15:09,16.22,70,113539,-1
13:15:06,16.22,40,64879,1
13:15:03,16.22,54,87588,-1
13:15:00,16.22,114,184908,1
13:14:57,16.22,216,350352,1
13:14:54,16.21,93,150753,-1
13:14:51,16.21,235,380935,1
13:14:48,16.21,216,350136,1
13:14:45,16.21,74,119954,1
13:14:42,16.2,69,111780,-1
13:14:39,16.21,451,731071,1
13:14:36,16.2,142,230040,1
13:14:33,16.2,133,215460,1
13:14:30,16.2,116,187920,1
13:14:27,16.2,118,191160,1
13:14:24,16.2,47,76140,1
13:14:21,16.19,188,304372,-1
13:14:18,16.19,368,595792,0
13:14:15,16.2,522,845640,1
13:14:12,16.18,28,45304,-1
13:14:09,16.2,69,111780,1
13:14:06,16.18,49,79282,0
13:14:03,16.17,66,106722,-1
13:14:00,16.18,43,69574,-1
13:13:57,16.2,51,82620,1
13:13:54,16.21,553,896413,1
13:13:51,16.2,157,254340,-1
13:13:48,16.2,70,113400,-1
13:13:45,16.21,142,230182,1
13:13:42,16.21,805,1304905,-1
13:13:39,16.23,82,133086,1
13:13:36,16.23,289,469047,1
13:13:33,16.23,343,556689,-1
13:13:30,16.26,124,201624,1
13:13:27,16.26,126,204876,1
13:13:24,16.26,115,186990,1
13:13:21,16.26,203,330078,1
13:13:18,16.25,83,134875,-1
13:13:15,16.26,228,370728,-1
13:13:12,16.26,114,185364,-1
13:13:09,16.26,156,253656,-1
13:13:06,16.27,208,338416,1
13:13:03,16.26,105,170730,-1
13:13:00,16.26,30,48780,-1
13:12:57,16.27,21,34167,1
13:12:54,16.27,58,94366,1
13:12:51,16.27,68,110636,1
13:12:48,16.28,80,130240,1
13:12:45,16.28,153,249084,1
13:12:42,16.28,74,120472,1
13:12:39,16.27,67,109009,-1
13:12:36,16.27,95,154565,1
13:12:33,16.27,244,396988,-1
13:12:30,16.27,202,328654,-1
13:12:27,16.27,164,266828,-1
13:12:24,16.27,101,164327,1
13:12:21,16.27,281,457187,1
13:12:18,16.26,403,655278,-1
13:12:15,16.27,74,120398,1
13:12:12,16.27,84,136668,1
13:12:09,16.27,173,281471,1
13:12:06,16.27,190,309130,-1
13:12:03,16.28,170,276760,1
13:12:00,16.27,149,242423,1
13:11:57,16.26,263,427638,-1
13:11:54,16.27,614,998978,1
13:11:51,16.23,227,368421,-1
13:11:48,16.24,155,251719,-1
13:11:45,16.24,88,142912,1
13:11:42,16.25,50,81250,1
13:11:39,16.24,83,134792,1
13:11:36,16.23,1192,1934616,1
13:11:33,16.22,126,204372,1
13:11:30,16.22,413,669886,1
13:11:27,16.21,121,196141,-1
13:11:24,16.21,115,186415,1
13:11:21,16.2,85,137700,-1
13:11:18,16.22,861,1396542,1
13:11:15,16.19,1936,3134384,1
13:11:12,16.17,54,87318,1
13:11:09,16.17,100,161700,1
13:11:06,16.17,31,50127,1
13:11:03,16.17,5,8085,1
13:11:00,16.17,87,140679,1
13:10:57,16.17,7,11319,1
13:10:54,16.17,86,139062,1
13:10:51,16.17,47,75999,1
13:10:48,16.18,186,300948,1
13:10:45,16.16,8,12928,-1
13:10:42,16.17,18,29106,1
13:10:39,16.16,17,27472,-1
13:10:36,16.17,53,85701,1
13:10:33,16.16,218,352288,-1
13:10:30,16.17,1066,1723722,1
13:10:27,16.16,7,11312,1
13:10:24,16.16,119,192304,1
13:10:21,16.16,286,462176,-1
13:10:18,16.18,116,187688,1
13:10:15,16.17,167,270039,1
13:10:12,16.16,29,46864,-1
13:10:09,16.16,123,198768,-1
13:10:06,16.17,126,203742,1
13:10:03,16.17,65,105105,1
13:10:00,16.16,595,961520,-1
13:09:57,16.16,126,203616,1
13:09:54,16.16,79,127664,1
13:09:51,16.16,187,302192,1
13:09:48,16.15,49,79135,-1
13:09:45,16.17,109,176253,1
13:09:42,16.17,61,98637,1
13:09:39,16.16,61,98576,-1
13:09:36,16.17,64,103488,1
13:09:33,16.17,89,143913,1
13:09:30,16.16,174,281184,0
13:09:27,16.15,108,174419,1
13:09:24,16.15,1068,1724819,1
13:09:21,16.15,8,12919,0
13:09:18,16.16,118,190688,1
13:09:15,16.15,106,171189,-1
13:09:12,16.15,217,350454,-1
13:09:09,16.15,45,72675,-1
13:09:06,16.17,70,113190,1
13:09:03,16.16,196,316736,1
13:09:00,16.15,405,654075,-1
13:08:57,16.17,78,126126,1
13:08:54,16.16,81,130896,-1
13:08:51,16.16,381,615696,-1
13:08:48,16.17,110,177870,1
13:08:45,16.17,46,74382,1
13:08:42,16.17,105,169785,-1
13:08:39,16.19,165,267135,1
13:08:36,16.17,91,147147,-1
13:08:33,16.18,54,87372,1
13:08:30,16.18,132,213576,1
13:08:27,16.18,948,1533864,-1
13:08:24,16.2,94,152280,1
13:08:21,16.19,723,1170537,1
13:08:18,16.17,234,378378,-1
13:08:15,16.18,580,938440,1
13:08:12,16.18,108,174744,-1
13:08:09,16.19,113,182947,1
13:08:06,16.19,189,305991,1
13:08:03,16.18,147,237846,-1
13:08:00,16.19,91,147329,-1
13:07:57,16.19,263,425797,-1
13:07:54,16.2,41,66420,1
13:07:51,16.19,43,69617,0
13:07:48,16.2,626,1014120,1
13:07:45,16.18,296,478928,1
13:07:42,16.16,144,232704,0
13:07:39,16.17,116,187572,1
13:07:36,16.17,877,1418109,1
13:07:33,16.15,272,439279,-1
13:07:30,16.15,54,87209,-1
13:07:27,16.15,1386,2238390,-1
13:07:24,16.15,549,886634,1
13:07:21,16.14,93,150102,1
13:07:18,16.13,207,333891,1
13:07:15,16.12,49,78988,-1
13:07:12,16.15,2230,3601449,1
13:07:09,16.12,395,636740,-1
13:07:06,16.12,149,240188,-1
13:07:03,16.13,286,461318,1
13:07:00,16.13,90,145170,1
13:06:57,16.13,117,188721,1
13:06:54,16.13,28,45164,1
13:06:51,16.13,5,8064,1
13:06:48,16.13,284,458092,1
13:06:45,16.13,146,235498,-1
13:06:42,16.14,49,79086,1
13:06:39,16.13,86,138718,-1
13:06:36,16.14,259,418026,1
13:06:33,16.12,20,32240,-1
13:06:30,16.12,308,496496,-1
13:06:24,16.12,122,196825,-1
13:06:18,16.12,10,16120,-1
13:06:15,16.12,59,95108,1
13:06:09,16.12,452,728624,1
13:06:03,16.11,412,663732,1
13:06:00,16.1,173,278530,-1
13:05:54,16.1,197,317170,-1
13:05:50,16.1,20,32200,-1
13:05:48,16.1,50,80500,-1
13:05:45,16.1,673,1083530,1
13:05:42,16.06,109,175054,1
13:05:39,16.09,207,333063,1
13:05:35,16.07,115,184805,1
13:05:32,16.07,224,359968,-1
13:05:30,16.07,40,64280,-1
13:05:26,16.07,15,24105,-1
13:05:24,16.07,51,81957,-1
13:05:20,16.06,17,27301,1
13:05:17,16.06,1017,1633301,1
13:05:15,16.06,9,14453,1
13:05:11,16.06,124,199143,1
13:05:08,16.06,42,67452,1
13:05:05,16.06,7,11242,1
13:05:02,16.03,109,174727,-1
13:04:59,16.06,165,264990,0
13:04:56,16.05,45,72225,-1
13:04:53,16.06,191,306746,-1
13:04:50,16.08,1330,2138640,1
13:04:47,16.07,58,93206,1
13:04:41,16.06,175,281050,-1
13:04:38,16.08,164,263712,1
13:04:35,16.09,739,1189051,1
13:04:32,16.08,135,217079,-1
13:04:29,16.08,143,229943,-1
13:04:26,16.08,57,91655,-1
13:04:23,16.08,72,115775,-1
13:04:20,16.08,8,12863,-1
13:04:17,16.09,17,27353,1
13:04:14,16.09,144,231696,1
13:04:11,16.1,200,322000,1
13:04:08,16.09,100,160900,-1
13:04:05,16.09,12,19308,-1
13:04:02,16.1,76,122360,1
13:03:59,16.11,586,944046,1
13:03:56,16.09,76,122284,-1
13:03:53,16.1,54,86940,0
13:03:50,16.11,161,259371,1
13:03:47,16.1,256,412160,1
13:03:44,16.09,49,78841,-1
13:03:41,16.1,131,210910,1
13:03:38,16.1,173,278530,1
13:03:35,16.09,165,265485,-1
13:03:32,16.1,50,80500,1
13:03:29,16.1,117,188370,1
13:03:26,16.1,349,561890,1
13:03:23,16.09,26,41834,-1
13:03:20,16.09,45,72405,-1
13:03:17,16.1,106,170660,1
13:03:14,16.09,30,48270,-1
13:03:11,16.09,82,131938,-1
13:03:08,16.09,30,48270,-1
13:03:05,16.09,55,88495,-1
13:03:02,16.09,524,843116,1
13:02:59,16.08,86,138287,1
13:02:56,16.08,109,175271,1
13:02:53,16.08,69,110951,1
13:02:50,16.07,4,6428,-1
13:02:44,16.08,57,91655,1
13:02:41,16.08,37,59495,1
13:02:38,16.07,15,24105,-1
13:02:35,16.08,54,86831,0
13:02:32,16.09,31,49879,1
13:02:29,16.06,10,16059,-1
13:02:26,16.07,17,27319,-1
13:02:23,16.08,206,331247,1
13:02:20,16.05,57,91485,-1
13:02:17,16.05,13,20865,-1
13:02:14,16.05,49,78645,-1
13:02:11,16.07,65,104455,1
13:02:08,16.06,26,41756,1
13:02:05,16.05,1,1605,-1
13:02:02,16.06,53,85118,1
13:01:59,16.06,134,215203,-1
13:01:56,16.1,1271,2046310,1
13:01:53,16.07,177,284439,1
13:01:50,16.08,44,70751,1
13:01:47,16.06,45,72270,-1
13:01:44,16.05,20,32100,-1
13:01:41,16.05,5,8025,-1
13:01:38,16.07,134,215338,1
13:01:35,16.05,21,33705,1
13:01:32,16.03,136,218008,-1
13:01:29,16.03,45,72135,-1
13:01:26,16.03,58,92974,-1
13:01:23,16.03,25,40075,1
13:01:20,16.03,30,48090,1
13:01:17,16.03,41,65723,-1
13:01:14,16.05,20,32100,1
13:01:11,16.05,11,17655,1
13:01:08,16.1,1313,2113930,1
13:01:05,16.03,10,16030,-1
13:01:02,16.05,25,40125,1
13:00:59,16.07,7,11249,1
13:00:55,16.02,223,357246,-1
13:00:53,16.05,33,52965,-1
13:00:50,16.08,69,110951,1
13:00:47,16.07,64,102848,1
13:00:44,16.05,7,11235,1
13:00:41,16.05,54,86670,1
13:00:38,16.02,47,75294,-1
13:00:35,16.08,131,210647,-1
13:00:32,16.08,1104,1775392,1
13:00:29,16.05,671,1076955,1
13:00:26,16.05,18,28890,1
13:00:17,16.03,0,0,-1
13:00:13,16.03,50,80150,-1
13:00:11,16.02,76,121752,-1
13:00:08,16.05,430,690150,0
13:00:05,16.06,3480,5588880,1
13:00:02,16.02,37,59274,1
11:30:00,16.02,0,0,1
11:29:59,16.02,0,0,1
11:29:59,16.02,102,163404,1
11:29:57,16.0,98,156800,1
11:29:54,16.0,475,760000,-1
11:29:51,16.0,243,388800,-1
11:29:48,16.02,263,422767,1
11:29:45,16.0,153,244800,-1
11:29:42,16.0,118,188800,-1
11:29:39,16.0,807,1291200,1
11:29:36,15.98,137,218926,-1
11:29:33,15.99,74,118326,0
11:29:30,16.0,126,201600,1
11:29:27,15.98,67,107066,-1
11:29:23,16.0,49,78400,0
11:29:21,16.02,27,43254,1
11:29:18,15.98,154,246092,-1
11:29:15,16.01,40,64040,1
11:29:12,16.0,118,188800,1
11:29:09,16.0,15,24000,1
11:29:06,16.0,27,43360,0
11:29:03,16.03,123,197169,1
11:29:00,16.0,921,1473600,-1
11:28:57,16.0,24,38400,-1
11:28:54,16.04,54,86616,1
11:28:51,16.03,80,128240,-1
11:28:47,16.04,145,232580,1
11:28:45,16.0,978,1564800,-1
11:28:42,16.01,32,51232,-1
11:28:39,16.01,99,158499,0
11:28:36,16.03,124,198772,1
11:28:33,16.01,649,1039049,-1
11:28:30,16.03,99,158697,0
11:28:27,16.04,135,216540,1
11:28:24,16.04,130,208520,1
11:28:21,16.04,336,538944,-1
11:28:18,16.06,96,154176,1
11:28:15,16.05,148,237540,1
11:28:12,16.05,144,231120,-1
11:28:09,16.07,62,99634,1
11:28:06,16.05,204,327420,-1
11:28:03,16.07,219,351933,1
11:28:00,16.1,1052,1693720,1
11:27:57,16.03,58,92974,-1
11:27:54,16.04,184,295136,1
11:27:51,16.03,139,222817,-1
11:27:48,16.03,201,322203,1
11:27:45,16.03,317,509337,1
11:27:42,16.01,576,922592,-1
11:27:39,16.02,315,505815,1
11:27:36,16.02,22,35244,1
11:27:33,16.01,151,241751,-1
11:27:30,16.01,188,300988,1
11:27:27,16.0,4682,7492736,1
11:27:24,15.96,241,384636,-1
11:27:21,15.96,197,314412,1
11:27:18,15.96,232,370272,-1
11:27:15,15.96,439,700644,1
11:27:12,15.96,61,97356,1
11:27:09,15.96,191,304836,1
11:27:06,15.95,110,175450,0
11:27:03,15.96,91,145236,1
11:27:00,15.95,152,242440,-1
11:26:57,15.95,119,189805,-1
11:26:54,15.96,194,309624,1
11:26:51,15.95,192,306240,-1
11:26:48,15.95,554,883630,1
11:26:45,15.91,431,685721,-1
11:26:42,15.92,28,44576,1
11:26:39,15.92,68,108256,1
11:26:36,15.92,756,1203552,1
11:26:33,15.92,97,154424,1
11:26:30,15.92,46,73232,-1
11:26:27,15.92,151,240392,-1
11:26:24,15.92,176,280192,-1
11:26:21,15.92,69,109848,1
11:26:18,15.93,293,466749,1
11:26:15,15.91,170,270470,1
11:26:12,15.91,151,240241,1
11:26:09,15.91,7,11137,1
11:26:05,15.88,87,138156,-1
11:26:03,15.92,122,194224,1
11:26:00,15.91,87,138417,-1
11:25:57,15.91,390,620490,1
11:25:54,15.9,21,33390,-1
11:25:51,15.9,45,71550,1
11:25:48,15.88,74,117512,-1
11:25:45,15.88,199,316012,-1
11:25:42,15.89,755,1199695,-1
11:25:39,15.89,123,195748,1
11:25:36,15.88,65,104506,-1
11:25:33,15.89,219,348292,1
11:25:30,15.88,56,88928,1
11:25:27,15.87,49,77763,1
11:25:24,15.87,26,41262,0
11:25:21,15.89,61,96929,1
11:25:18,15.89,325,517712,1
11:25:15,15.87,20,31740,-1
11:25:12,15.88,116,184208,1
11:25:09,15.88,12,19056,1
11:25:06,15.9,64,101760,1
11:25:03,15.87,803,1274361,-1
11:25:00,15.9,138,219420,1
11:24:57,15.9,51,81090,1
11:24:54,15.9,47,74730,1
11:24:51,15.9,143,227370,-1
11:24:48,15.91,68,108188,1
11:24:45,15.9,209,332310,-1
11:24:42,15.91,55,87505,-1
11:24:38,15.91,68,108188,-1
11:24:36,15.92,105,167160,1
11:24:33,15.91,95,151145,-1
11:24:30,15.92,67,106664,1
11:24:27,15.91,188,299108,-1
11:24:23,15.94,150,239100,1
11:24:21,15.94,31,49414,1
11:24:18,15.93,45,71685,1
11:24:14,15.93,457,728001,-1
11:24:12,15.95,789,1258455,1
11:24:09,15.94,110,175340,1
11:24:05,15.93,426,678618,1
11:24:02,15.92,418,665456,-1
11:24:00,15.92,88,140096,-1
11:23:57,15.93,115,183195,1
11:23:53,15.92,89,141688,-1
11:23:51,15.92,236,375712,1
11:23:47,15.91,165,262515,-1
11:23:44,15.91,34,54094,1
11:23:41,15.9,231,367290,-1
11:23:39,15.91,156,248196,-1
11:23:36,15.91,113,179783,1
11:23:32,15.9,156,248040,-1
11:23:30,15.9,114,181260,-1
11:23:26,15.9,627,996930,1
11:23:23,15.88,69,109572,-1
11:23:20,15.9,40,63600,1
11:23:17,15.9,255,405450,1
11:23:14,15.89,233,370237,1
11:23:11,15.87,51,80937,-1
11:23:08,15.87,29,46340,-1
11:23:06,15.9,86,136740,1
11:23:02,15.88,124,196912,-1
11:23:00,15.88,512,813056,1
11:22:56,15.88,83,131804,1
11:22:53,15.89,123,195447,1
11:22:50,15.88,77,122276,-1
11:22:47,15.88,136,215968,-1
11:22:44,15.89,82,130298,1
11:22:38,15.87,177,280899,-1
11:22:35,15.88,1113,1769016,1
11:22:29,15.88,221,350948,1
11:22:24,15.88,66,104808,1
11:22:20,15.87,1063,1686981,1
11:22:14,15.86,257,407602,1
11:22:09,15.85,17,26945,-1
11:22:05,15.85,242,383570,1
11:22:02,15.85,278,440630,1
11:21:59,15.85,70,110965,1
11:21:56,15.85,390,618150,1
11:21:53,15.85,732,1160220,1
11:21:50,15.83,72,113976,1
11:21:47,15.83,700,1108100,1
11:21:44,15.83,51,80733,1
11:21:41,15.83,170,269110,-1
11:21:38,15.84,54,85536,1
11:21:35,15.83,157,248531,-1
11:21:32,15.84,21,33264,1
11:21:29,15.84,90,142560,1
11:21:26,15.83,74,117142,-1
11:21:23,15.82,20,31640,0
11:21:20,15.81,90,142290,-1
11:21:17,15.81,111,175491,-1
11:21:14,15.82,140,221480,-1
11:21:11,15.83,742,1174586,1
11:21:08,15.82,76,120232,1
11:21:05,15.81,127,200787,-1
11:21:02,15.81,15,23715,-1
11:20:59,15.82,254,401828,1
11:20:56,15.81,90,142290,-1
11:20:53,15.81,105,166005,-1
11:20:50,15.81,159,251379,-1
11:20:47,15.81,77,121737,-1
11:20:44,15.81,104,164424,-1
11:20:41,15.81,9,14229,-1
11:20:38,15.81,46,72726,1
11:20:35,15.81,170,268770,1
11:20:32,15.8,49,77420,-1
11:20:29,15.81,220,347820,1
11:20:26,15.8,45,71100,-1
11:20:23,15.8,38,60040,-1
11:20:20,15.8,73,115340,-1
11:20:17,15.8,125,197500,1
11:20:14,15.8,160,252800,1
11:20:11,15.8,141,222780,1
11:20:08,15.8,61,96380,1
11:20:05,15.8,38,60040,1
11:20:02,15.8,102,161160,-1
11:19:59,15.81,18,28458,1
11:19:56,15.8,104,164320,1
11:19:53,15.8,34,53720,0
11:19:50,15.79,515,813185,-1
11:19:47,15.8,54,85320,1
11:19:44,15.8,59,93220,-1
11:19:41,15.81,61,96441,1
11:19:38,15.8,66,104280,-1
11:19:35,15.82,175,276850,1
11:19:32,15.8,19,30020,-1
11:19:29,15.81,81,129325,-1
11:19:26,15.81,121,191301,-1
11:19:23,15.82,61,96818,1
11:19:20,15.8,300,475264,-1
11:19:17,15.81,21,33201,-1
11:19:14,15.81,39,61659,-1
11:19:11,15.81,43,67983,1
11:19:08,15.81,54,85374,1
11:19:05,15.8,386,609880,-1
11:19:02,15.81,23,36363,1
11:18:59,15.8,38,60040,-1
11:18:56,15.81,171,270351,0
11:18:53,15.82,79,124978,1
11:18:50,15.81,154,243474,-1
11:18:47,15.82,166,262612,1
11:18:44,15.8,185,292300,-1
11:18:41,15.8,139,219620,-1
11:18:38,15.8,15,23700,-1
11:18:35,15.8,64,101120,-1
11:18:32,15.81,55,86955,0
11:18:29,15.8,322,508760,-1
11:18:26,15.8,99,156420,-1
11:18:23,15.8,35,55300,-1
11:18:20,15.81,16,25296,1
11:18:17,15.8,89,140620,-1
11:18:14,15.8,43,67940,-1
11:18:11,15.82,53,83846,1
11:18:08,15.8,128,202240,-1
11:18:05,15.81,120,189720,-1
11:18:02,15.81,88,139128,-1
11:17:59,15.81,203,320943,0
11:17:56,15.8,218,344440,-1
11:17:53,15.8,125,197500,-1
11:17:50,15.82,118,186992,1
11:17:47,15.8,35,55300,-1
11:17:44,15.81,255,403155,1
11:17:40,15.8,59,93220,1
11:17:38,15.8,215,339700,-1
11:17:35,15.8,170,268600,0
11:17:31,15.82,768,1214976,1
11:17:29,15.8,21,33180,1
11:17:25,15.8,764,1207120,-1
11:17:23,15.81,55,86955,1
11:17:20,15.81,30,47430,0
11:17:16,15.82,687,1086834,1
11:17:14,15.82,54,85428,1
11:17:10,15.81,80,126480,-1
11:17:08,15.81,82,129642,-1
11:17:04,15.81,177,279837,-1
11:17:01,15.82,48,75936,0
11:16:58,15.81,165,260865,-1
11:16:55,15.83,123,194709,-1
11:16:52,15.83,303,479649,1
11:16:49,15.83,32,50656,1
11:16:46,15.84,183,289872,1
11:16:43,15.83,156,246948,-1
11:16:41,15.84,273,432432,1
11:16:37,15.83,369,584127,-1
11:16:34,15.83,330,522390,-1
11:16:31,15.85,251,397835,1
11:16:29,15.83,195,308685,-1
11:16:25,15.84,229,362736,-1
11:16:22,15.84,362,573408,1
11:16:19,15.83,269,425827,-1
11:16:16,15.84,404,639936,1
11:16:13,15.83,342,541386,1
11:16:10,15.82,236,373352,-1
11:16:07,15.83,40,63320,1
11:16:04,15.83,97,153551,1
11:16:01,15.8,138,218040,0
11:15:58,15.81,156,246636,0
11:15:55,15.84,537,850608,1
11:15:52,15.81,52,82212,-1
11:15:49,15.84,348,551232,1
11:15:46,15.8,394,622520,1
11:15:43,15.78,115,181470,-1
11:15:40,15.8,688,1087040,-1
11:15:37,15.8,231,364980,-1
11:15:34,15.8,196,309680,1
11:15:31,15.78,107,168846,1
11:15:28,15.77,103,162431,-1
11:15:25,15.77,211,332747,-1
11:15:22,15.79,3236,5109644,1
11:15:19,15.76,288,453888,-1
11:15:16,15.76,46,72496,-1
11:15:13,15.75,378,595350,-1
11:15:10,15.76,114,179664,1
11:15:07,15.75,115,181125,-1
11:15:04,15.75,238,374850,-1
11:15:01,15.76,223,351448,1
11:14:58,15.72,449,705828,-1
11:14:55,15.72,389,611508,-1
11:14:52,15.72,72,113184,0
11:14:49,15.71,111,174381,-1
11:14:46,15.71,126,197946,1
11:14:43,15.71,429,673959,1
11:14:40,15.7,112,175840,1
11:14:37,15.69,224,351456,1
11:14:34,15.69,118,185142,1
11:14:31,15.69,283,444027,1
11:14:28,15.69,466,731154,1
11:14:25,15.68,86,134848,1
11:14:22,15.68,125,196000,0
11:14:19,15.69,606,950814,1
11:14:16,15.68,248,388864,1
11:14:12,15.68,198,310464,1
11:14:10,15.67,81,126927,-1
11:14:07,15.67,363,568821,-1
11:14:04,15.68,226,354368,1
11:14:01,15.66,77,120582,-1
11:13:58,15.67,16,25072,1
11:13:55,15.66,334,523044,-1
11:13:52,15.66,113,176958,0
11:13:49,15.67,145,227215,1
11:13:44,15.65,14,21910,-1
11:13:43,15.65,70,109550,-1
11:13:38,15.65,126,197190,1
11:13:36,15.65,72,112680,1
11:13:33,15.65,47,73555,1
11:13:30,15.65,241,377165,1
11:13:27,15.65,144,225360,1
11:13:24,15.63,10,15630,1
11:13:20,15.63,88,137544,1
11:13:19,15.62,21,32802,1
11:13:15,15.61,45,70245,1
11:13:10,15.6,4609,7190040,1
11:13:05,15.55,101,157055,1
11:13:04,15.55,22,34210,1
11:12:57,15.55,354,550470,1
11:12:54,15.55,4,6220,1
11:12:50,15.55,3,4665,1
11:12:47,15.55,6,9330,1
11:12:45,15.54,23,35742,1
11:12:41,15.54,150,233100,1
11:12:39,15.54,66,102564,1
11:12:35,15.53,15,23295,-1
11:12:33,15.54,201,312354,1
11:12:30,15.53,39,60567,-1
11:12:27,15.54,20,31080,1
11:12:24,15.53,14,21742,-1
11:12:21,15.53,1,1553,-1
11:12:18,15.54,33,51282,1
11:12:15,15.54,16,24864,1
11:12:12,15.53,16,24848,-1
11:12:09,15.53,100,155300,-1
11:12:06,15.53,3,4659,-1
11:12:03,15.53,78,122065,1
11:11:57,15.53,32,49696,1
11:11:54,15.53,161,250033,1
11:11:51,15.52,2,3414,-1
11:11:48,15.52,13,20176,-1
11:11:44,15.52,1,1552,-1
11:11:41,15.52,15,23280,-1
11:11:33,15.52,26,40352,-1
11:11:29,15.53,43,66779,1
11:11:26,15.51,5,7755,-1
11:11:21,15.52,20,31040,1
11:11:18,15.52,23,35696,1
11:11:09,15.53,21,32613,1
11:11:05,15.52,58,90016,-1
11:11:02,15.52,49,76048,-1
11:10:59,15.52,13,20176,-1
11:10:57,15.52,12,18624,1
11:10:53,15.51,2,3102,-1
11:10:51,15.52,73,113296,1
11:10:48,15.51,5,7755,-1
11:10:45,15.52,43,66736,1
11:10:42,15.51,111,172161,-1
11:10:39,15.51,5,7755,-1
11:10:24,15.52,25,38800,1
11:10:21,15.52,21,32592,1
11:10:17,15.51,57,88407,-1
11:10:12,15.52,7,10864,1
11:09:59,15.51,26,40326,-1
11:09:50,15.52,29,45008,-1
11:09:47,15.52,26,40352,-1
11:09:41,15.53,142,220526,1
11:09:39,15.52,8,12416,-1
11:09:36,15.53,18,27954,1
11:09:32,15.53,9,13977,1
11:09:27,15.52,6,9312,-1
11:09:21,15.53,0,0,1
11:09:17,15.53,31,48143,1
11:09:12,15.52,76,118572,-1
11:09:08,15.52,37,57424,-1
11:09:03,15.52,1,1552,-1
11:08:53,15.52,340,527680,-1
11:08:51,15.52,25,38800,-1
11:08:47,15.53,4,6212,1
11:08:44,15.52,132,204864,-1
11:08:41,15.52,8,12416,-1
11:08:36,15.52,14,21728,-1
11:08:26,15.52,12,19555,1
11:08:24,15.52,30,46560,1
11:08:21,15.51,10,15510,-1
11:08:18,15.51,11,17061,-1
11:08:06,15.52,25,38800,1
11:08:03,15.52,22,34144,1
11:08:00,15.51,315,488565,-1
11:07:57,15.52,20,31040,1
11:07:50,15.51,2,3102,-1
11:07:48,15.52,9,13968,1
11:07:45,15.51,1,1551,-1
11:07:41,15.51,56,86856,-1
11:07:39,15.52,42,65184,1
11:07:36,15.51,2,3102,-1
11:07:33,15.51,26,40326,1
11:07:29,15.5,52,80600,-1
11:07:18,15.51,26,40326,1
11:07:12,15.5,25,38750,-1
11:07:08,15.5,26,40300,-1
11:07:05,15.5,5,7750,-1
11:07:00,15.51,2,3102,1
11:06:57,15.5,20,31000,-1
11:06:54,15.51,23,35673,1
11:06:48,15.5,1,1550,-1
11:06:44,15.51,14,21714,1
11:06:38,15.51,12,19852,-1
11:06:33,15.51,8,12718,1
11:06:29,15.51,7,10857,1
11:06:23,15.51,10,15510,1
11:06:21,15.5,107,165850,-1
11:06:18,15.5,44,68200,-1
11:06:15,15.51,57,88407,1
11:06:11,15.51,2,3102,1
11:06:09,15.51,25,38775,1
11:06:05,15.51,5,7755,1
11:06:03,15.5,52,80600,-1
11:06:00,15.51,71,110121,1
11:05:51,15.5,7,10850,-1
11:05:47,15.5,187,289850,-1
11:05:45,15.52,68,105536,1
11:05:35,15.5,9,13950,-1
11:05:32,15.51,12,18612,1
11:05:26,15.52,0,0,1
11:05:24,15.52,22,34144,1
11:05:21,15.51,56,86856,-1
11:05:18,15.51,22,34122,-1
11:05:14,15.51,10,15510,-1
11:05:11,15.51,50,77550,-1
11:05:06,15.51,209,324159,-1
11:05:03,15.51,3,4653,-1
11:05:00,15.52,27,41904,1
11:04:54,15.51,10,15510,-1
11:04:50,15.52,14,21728,1
11:04:48,15.52,14,21728,1
11:04:44,15.52,7,10864,1
11:04:41,15.51,48,74448,-1
11:04:39,15.51,3,4653,-1
11:04:35,15.52,30,46560,1
11:04:32,15.51,8,12408,-1
11:04:14,15.52,152,235904,1
11:04:12,15.51,5,7755,-1
11:04:02,15.51,207,321057,-1
11:03:59,15.52,60,93120,1
11:03:53,15.52,25,38800,1
11:03:50,15.52,33,51216,1
11:03:47,15.52,219,340819,-1
11:03:42,15.52,54,83808,-1
11:03:32,15.52,20,31040,-1
11:03:29,15.52,48,74496,-1
11:03:26,15.53,42,65226,1
11:03:23,15.52,20,31040,-1
11:03:17,15.52,6,9312,-1
11:03:14,15.52,10,15520,-1
11:03:11,15.53,6,9318,1
11:03:08,15.54,39,60606,1
11:03:05,15.53,44,68332,-1
11:03:02,15.53,42,65226,-1
11:02:59,15.53,14,21742,-1
11:02:53,15.53,61,94733,-1
11:02:50,15.53,32,49696,-1
11:02:47,15.53,5,7765,-1
11:02:41,15.54,28,43512,1
11:02:38,15.54,111,172494,1
11:02:32,15.53,123,191019,1
11:02:29,15.52,35,54630,-1
11:02:26,15.53,52,80756,1
11:02:23,15.52,36,55872,-1
11:02:20,15.53,19,29507,1
11:02:14,15.53,2,3106,1
11:02:11,15.53,25,38825,1
11:02:08,15.52,33,51216,-1
11:02:02,15.53,17,26401,1
11:01:59,15.54,24,37296,1
11:01:56,15.53,1,1553,1
11:01:50,15.53,42,65226,-1
11:01:47,15.54,7,10878,1
11:01:44,15.53,11,17083,-1
11:01:41,15.54,19,29526,1
11:01:38,15.53,37,57461,-1
11:01:35,15.54,145,225330,1
11:01:32,15.53,1,1553,-1
11:01:29,15.53,4,6212,-1
11:01:26,15.54,35,54390,1
11:01:20,15.53,1,1553,1
11:01:17,15.53,24,37272,-1
11:01:14,15.54,105,163170,1
11:01:11,15.54,81,125874,1
11:01:08,15.53,2,3106,-1
11:01:05,15.54,208,323232,1
11:01:02,15.54,4,6216,1
11:00:59,15.54,8,12432,1
11:00:56,15.53,43,66779,-1
11:00:53,15.53,9,13977,-1
11:00:50,15.55,307,477385,1
11:00:47,15.54,27,41958,-1
11:00:44,15.54,0,0,0
11:00:41,15.54,32,49728,-1
11:00:38,15.55,36,55980,1
11:00:35,15.55,131,203705,1
11:00:32,15.54,11,17094,0
11:00:29,15.55,22,34210,1
11:00:26,15.55,31,48205,1
11:00:23,15.54,199,309246,-1
11:00:20,15.55,189,293895,1
11:00:17,15.55,3,4665,1
11:00:14,15.54,10,15540,-1
11:00:11,15.54,69,107226,-1
11:00:08,15.54,237,368298,-1
11:00:05,15.54,56,87024,-1
11:00:02,15.54,104,161616,-1
10:59:59,15.55,5,7775,1
10:59:56,15.54,193,299922,-1
10:59:53,15.55,77,119735,1
10:59:50,15.54,22,34188,-1
10:59:47,15.55,38,59090,1
10:59:44,15.54,95,147630,1
10:59:38,15.54,24,37296,1
10:59:35,15.54,5,7770,1
10:59:32,15.54,10,15540,1
10:59:29,15.54,1,1554,0
10:59:26,15.55,107,166385,1
10:59:23,15.55,33,51315,1
10:59:20,15.53,872,1354216,-1
10:59:17,15.55,37,57535,1
10:59:14,15.54,16,24864,-1
10:59:11,15.54,174,270396,1
10:59:08,15.53,21,32613,-1
10:59:05,15.53,49,76097,-1
10:59:02,15.53,6,9318,-1
10:58:59,15.54,117,181818,1
10:58:55,15.53,2,3106,-1
10:58:53,15.53,9,13977,-1
10:58:49,15.53,247,383591,1
10:58:47,15.53,100,155300,1
10:58:43,15.52,71,110192,-1
10:58:41,15.52,20,31040,-1
10:58:32,15.52,445,690950,1
10:58:29,15.5,19,29450,1
10:58:26,15.5,3,4650,1
10:58:19,15.5,8,12400,1
10:58:17,15.5,100,155000,1
10:58:14,15.5,0,0,1
10:58:10,15.5,775,1201250,1
10:58:07,15.5,128,198400,1
10:58:02,15.5,11,17050,1
10:57:58,15.5,10,15500,1
10:57:55,15.5,57,88350,-1
10:57:52,15.5,118,182900,-1
10:57:50,15.5,30,46500,-1
10:57:47,15.5,15,23250,-1
10:57:43,15.5,40,62000,1
10:57:40,15.49,3,4647,-1
10:57:37,15.51,0,0,1
10:57:34,15.51,55,85305,1
10:57:28,15.49,10,15490,-1
10:57:22,15.49,29,44921,-1
10:57:19,15.5,128,198400,1
10:57:13,15.48,10,15480,-1
10:57:10,15.49,1,1549,1
10:57:04,15.51,9,13959,1
10:57:01,15.49,11,18278,-1
10:56:58,15.49,31,48019,-1
10:56:55,15.5,13,20150,-1
10:56:52,15.51,193,299653,1
10:56:49,15.49,123,190527,1
10:56:46,15.49,39,61650,-1
10:56:43,15.5,176,272800,1
10:56:40,15.5,17,26350,1
10:56:37,15.49,24,37176,-1
10:56:34,15.5,24,37200,1
10:56:31,15.49,2,3407,-1
10:56:28,15.5,30,46500,1
10:56:25,15.5,93,144150,-1
10:56:22,15.5,14,21700,-1
10:56:16,15.5,58,89900,-1
10:56:13,15.51,23,35673,1
10:56:10,15.52,129,200208,1
10:56:07,15.5,146,226300,-1
10:56:04,15.51,10,15510,1
10:56:01,15.51,11,17061,1
10:55:58,15.5,30,46500,-1
10:55:55,15.51,21,32571,0
10:55:52,15.52,221,342992,1
10:55:49,15.51,143,221793,1
10:55:46,15.5,25,38750,-1
10:55:43,15.51,45,69795,1
10:55:40,15.5,23,35650,-1
10:55:37,15.51,77,119427,1
10:55:34,15.49,20,30980,-1
10:55:31,15.5,33,51150,1
10:55:28,15.5,13,20150,1
10:55:25,15.5,42,65100,1
10:55:22,15.5,13,20150,1
10:55:19,15.53,338,524914,1
10:55:16,15.5,352,545600,-1
10:55:13,15.51,16,24816,1
10:55:10,15.5,4,6200,-1
10:55:07,15.51,173,268323,1
10:55:04,15.49,103,159547,-1
10:55:01,15.5,132,204600,-1
10:54:58,15.5,145,224750,1
10:54:55,15.5,120,186000,1
10:54:52,15.5,825,1278750,1
10:54:49,15.49,13,20137,1
10:54:46,15.5,35,54250,1
10:54:43,15.48,589,911772,-1
10:54:40,15.49,93,144057,1
10:54:37,15.47,81,125307,-1
10:54:34,15.47,39,60333,-1
10:54:31,15.47,10,15470,-1
10:54:28,15.48,77,119196,0
10:54:25,15.47,10,15470,-1
10:54:22,15.49,941,1457609,1
10:54:19,15.47,105,162435,1
10:54:15,15.47,43,66521,1
10:54:13,15.46,16,24736,-1
10:54:08,15.46,30,46380,-1
10:54:07,15.46,5,7730,-1
10:54:02,15.46,487,752902,1
10:53:59,15.46,8,12368,1
10:53:58,15.45,49,75705,-1
10:53:53,15.46,20,30920,1
10:53:50,15.45,217,335265,1
10:53:47,15.44,39,60216,-1
10:53:44,15.44,52,80288,-1
10:53:41,15.44,5,7720,-1
10:53:39,15.44,20,30880,-1
10:53:35,15.44,105,163494,1
10:53:32,15.44,4,6176,1
10:53:29,15.44,28,43232,1
10:53:26,15.44,22,33968,1
10:53:20,15.44,30,46320,1
10:53:17,15.44,1,1544,1
10:53:08,15.44,10,15440,1
10:53:05,15.43,5,7715,-1
10:52:59,15.43,158,243794,1
10:52:47,15.42,7,10794,1
10:52:41,15.42,23,35466,1
10:52:38,15.41,1,1541,-1
10:52:35,15.42,7,10794,1
10:52:32,15.42,25,38550,1
10:52:20,15.42,48,74016,-1
10:52:17,15.42,5,7710,-1
10:52:14,15.43,13,20059,1
10:52:11,15.43,18,27774,1
10:52:08,15.42,12,18504,-1
10:52:05,15.42,1,1542,-1
10:51:56,15.42,67,103314,1
10:51:50,15.41,14,21574,-1
10:51:47,15.42,29,44718,1
10:51:44,15.41,31,47771,1
10:51:41,15.4,21,32340,-1
10:51:35,15.41,50,77050,1
10:51:32,15.41,24,36984,1
10:51:29,15.4,20,30800,-1
10:51:26,15.41,13,20033,1
10:51:20,15.41,2,3082,1
10:51:14,15.41,191,294331,-1
10:51:11,15.42,22,33924,1
10:51:05,15.41,60,92460,-1
10:51:02,15.41,20,30820,-1
10:50:59,15.41,4,6164,-1
10:50:56,15.42,1,1542,1
10:50:53,15.42,74,114108,-1
10:50:50,15.43,174,268482,1
10:50:47,15.43,75,115725,1
10:50:44,15.43,5,7715,1
10:50:41,15.44,53,81832,1
10:50:38,15.44,30,46489,-1
10:50:35,15.44,36,55584,-1
10:50:32,15.44,4,6176,-1
10:50:29,15.44,15,23160,-1
10:50:26,15.44,35,54040,-1
10:50:23,15.45,26,40170,1
10:50:21,15.46,385,595210,1
10:50:17,15.46,9,14223,1
10:50:14,15.46,77,119042,1
10:50:11,15.45,205,316725,-1
10:50:08,15.47,35,54145,1
10:50:05,15.46,212,327752,-1
10:50:02,15.46,168,259728,-1
10:49:59,15.48,201,311148,1
10:49:57,15.46,48,74208,-1
10:49:53,15.47,230,355810,1
10:49:50,15.47,73,112931,1
10:49:47,15.46,99,153054,-1
10:49:44,15.46,5,7730,-1
10:49:41,15.46,40,61840,-1
10:49:35,15.47,18,27846,1
10:49:32,15.46,2,3092,1
10:49:29,15.47,0,0,1
10:49:26,15.47,58,89726,1
10:49:23,15.46,6,9276,0
10:49:20,15.48,166,256968,1
10:49:17,15.45,196,302820,-1
10:49:14,15.48,120,186828,1
10:49:11,15.46,5,7730,1
10:49:08,15.45,26,40170,-1
10:49:05,15.46,252,389592,-1
10:49:02,15.48,306,473688,1
10:48:59,15.45,230,355350,-1
10:48:56,15.45,88,135960,-1
10:48:53,15.45,144,222480,1
10:48:50,15.44,205,316520,-1
10:48:47,15.44,175,270200,-1
10:48:44,15.45,520,803400,1
10:48:41,15.44,111,171384,1
10:48:38,15.44,74,114256,-1
10:48:35,15.45,16,24720,1
10:48:32,15.43,122,188246,-1
10:48:29,15.43,50,77150,-1
10:48:26,15.43,30,46290,-1
10:48:23,15.43,212,327116,1
10:48:20,15.41,30,46230,0
10:48:17,15.42,136,209712,1
10:48:14,15.4,22,33880,-1
10:48:11,15.4,17,26180,-1
10:48:08,15.4,9,13860,0
10:48:05,15.4,75,115500,1
10:48:02,15.4,30,46200,1
10:47:59,15.4,138,212520,1
10:47:56,15.39,119,183141,-1
10:47:53,15.4,20,30800,1
10:47:50,15.38,283,435254,-1
10:47:47,15.39,83,127737,1
10:47:44,15.38,4,6152,1
10:47:41,15.38,10,15380,0
10:47:38,15.39,71,109269,1
10:47:35,15.38,31,47678,1
10:47:32,15.38,168,258384,1
10:47:29,15.38,23,35374,1
10:47:23,15.37,91,139867,1
10:47:20,15.37,60,92220,1
10:47:17,15.37,5,7685,1
10:47:14,15.37,1,1537,1
10:47:11,15.36,95,145920,1
10:47:08,15.36,11,16896,1
10:47:05,15.36,50,76800,1
10:47:02,15.35,169,259415,-1
10:46:56,15.36,23,35328,1
10:46:50,15.35,354,543543,1
10:46:47,15.34,10,15340,1
10:46:44,15.34,12,18408,1
10:46:41,15.33,12,18396,-1
10:46:38,15.34,5,7670,1
10:46:35,15.34,23,35282,1
10:46:32,15.34,0,0,1
10:46:29,15.34,13,19942,1
10:46:26,15.34,5,9050,-1
10:46:20,15.34,9,13959,1
10:46:17,15.34,20,30680,1
10:46:14,15.33,28,44303,-1
10:46:11,15.33,28,43077,-1
10:46:05,15.34,3,4602,1
10:46:02,15.34,25,38350,1
10:45:47,15.34,21,32214,1
10:45:44,15.34,50,76700,1
10:45:38,15.34,35,53690,1
10:45:35,15.33,3,4599,-1
10:45:32,15.34,16,24544,1
10:45:26,15.34,24,36816,1
10:45:20,15.33,7,10731,-1
10:45:05,15.33,14,21462,-1
10:45:02,15.33,42,64386,1
10:44:59,15.32,40,61280,-1
10:44:56,15.33,40,61320,1
10:44:47,15.33,6,9198,-1
10:44:38,15.33,19,29127,1
10:44:35,15.32,54,82728,-1
10:44:26,15.33,88,134904,-1
10:44:23,15.34,2,3068,1
10:44:20,15.33,50,76650,-1
10:44:17,15.34,25,38350,1
10:44:14,15.34,5,7670,1
10:44:11,15.33,12,18396,-1
10:44:08,15.33,5,7665,-1
10:43:56,15.33,115,176295,-1
10:43:53,15.34,52,79768,1
10:43:50,15.33,2,3066,-1
10:43:47,15.33,16,24528,-1
10:43:35,15.34,2,3068,1
10:43:32,15.34,1,1534,1
10:43:29,15.33,20,30660,-1
10:43:26,15.34,8,12272,1
10:43:20,15.33,1,1533,-1
10:43:05,15.34,28,42952,-1
10:43:02,15.34,30,46020,-1
10:42:47,15.34,15,23010,-1
10:42:41,15.35,14,21490,1
10:42:38,15.35,0,0,1
10:42:35,15.35,0,0,1
10:42:32,15.35,22,33923,1
10:42:26,15.32,10,15320,-1
10:42:23,15.33,25,38325,-1
10:42:20,15.33,0,0,-1
10:42:17,15.33,2,3066,-1
10:42:14,15.35,216,331560,1
10:42:11,15.34,5,7670,1
10:42:08,15.34,9,13806,1
10:42:05,15.34,10,15340,1
10:42:02,15.34,8,12272,1
10:41:59,15.33,3,4599,0
10:41:56,15.34,79,121186,1
10:41:53,15.32,4,6128,-1
10:41:44,15.33,11,17016,1
10:41:41,15.33,4,6132,1
10:41:38,15.33,42,65765,-1
10:41:35,15.34,85,130390,1
10:41:32,15.34,16,24544,1
10:41:29,15.34,14,21476,1
10:41:14,15.33,14,21462,-1
10:41:05,15.34,86,131924,-1
10:41:02,15.34,37,56758,-1
10:40:59,15.35,2,3070,1
10:40:56,15.34,23,35282,-1
10:40:53,15.35,18,27630,1
10:40:44,15.34,15,23010,-1
10:40:41,15.35,10,15350,1
10:40:14,15.35,3,4605,1
10:39:59,15.35,5,7675,1
10:39:52,15.35,88,135080,-1
10:39:40,15.35,43,66005,-1
10:39:37,15.35,134,205690,1
10:39:31,15.35,32,49120,-1
10:39:28,15.35,9,13815,-1
10:39:25,15.35,12,18420,-1
10:39:22,15.35,6,9210,-1
10:39:16,15.35,28,42980,-1
10:39:13,15.35,5,7675,-1
10:39:10,15.35,10,15350,-1
10:39:07,15.36,9,13824,1
10:39:04,15.35,145,222575,-1
10:39:01,15.35,30,46050,-1
10:38:58,15.35,48,73680,-1
10:38:52,15.35,30,46050,-1
10:38:49,15.35,50,76750,-1
10:38:43,15.35,3,4605,-1
10:38:31,15.35,30,46050,-1
10:38:28,15.35,23,35305,-1
10:38:25,15.35,110,168850,-1
10:38:22,15.35,14,21490,-1
10:38:19,15.35,7,10745,-1
10:38:16,15.35,14,21490,-1
10:38:13,15.35,7,10745,-1
10:38:10,15.36,86,132096,1
10:38:01,15.35,20,30700,-1
10:37:58,15.35,20,30700,-1
10:37:55,15.36,89,136704,1
10:37:49,15.35,22,33770,-1
10:37:40,15.35,1,1535,-1
10:37:37,15.35,10,15350,-1
10:37:34,15.35,1,1535,-1
10:37:28,15.35,28,42980,1
10:37:22,15.35,5,7675,1
10:37:19,15.35,1,1535,1
10:37:16,15.34,23,35282,-1
10:37:10,15.35,88,135080,1
10:37:01,15.35,10,15350,1
10:36:58,15.35,3,4605,1
10:36:55,15.34,33,50622,-1
10:36:52,15.35,45,69075,1
10:36:49,15.35,5,7675,1
10:36:37,15.35,7,10745,1
10:36:31,15.35,6,9210,1
10:36:25,15.35,38,58330,1
10:36:22,15.35,4,6140,1
10:36:19,15.35,8,12280,1
10:36:16,15.35,87,133545,-1
10:36:13,15.35,10,15350,-1
10:36:10,15.36,7,10752,1
10:36:07,15.35,13,19955,-1
10:36:01,15.35,25,38375,-1
10:35:58,15.36,1,1536,1
10:35:55,15.36,5,7680,1
10:35:40,15.36,7,10752,1
10:35:28,15.36,73,112128,1
10:35:19,15.36,18,27648,1
10:35:16,15.35,5,7675,-1
10:35:10,15.36,12,18432,1
10:35:04,15.35,20,30700,-1
10:34:59,15.35,32,49120,-1
10:34:58,15.35,1,1535,-1
10:34:47,15.36,23,35328,1
10:34:44,15.35,11,16885,-1
10:34:38,15.35,5,7675,-1
10:34:29,15.35,1,1535,-1
10:34:23,15.36,31,47616,1
10:34:20,15.35,13,19955,1
10:34:17,15.35,48,73680,-1
10:34:14,15.35,7,10745,-1
10:34:11,15.36,7,10752,1
10:34:05,15.35,30,46050,-1
10:33:59,15.35,8,12280,1
10:33:56,15.34,12,18408,-1
10:33:47,15.35,0,0,0
10:33:44,15.35,30,46050,-1
10:33:38,15.35,19,29165,-1
10:33:29,15.36,25,38400,1
10:33:26,15.36,2,3072,1
10:33:20,15.36,5,7680,1
10:33:14,15.36,45,69120,1
10:33:11,15.36,5,7680,1
10:33:05,15.36,83,127488,-1
10:33:02,15.36,164,251904,-1
10:32:59,15.36,20,30720,-1
10:32:56,15.37,8,12296,1
10:32:53,15.37,151,232087,1
10:32:50,15.36,25,38400,-1
10:32:47,15.37,35,53795,1
10:32:44,15.37,153,235161,1
10:32:41,15.36,75,115200,1
10:32:38,15.36,27,41472,-1
10:32:35,15.36,117,179712,-1
10:32:32,15.36,34,52224,-1
10:32:29,15.37,102,156774,1
10:32:26,15.37,15,23055,1
10:32:20,15.37,18,27666,-1
10:32:17,15.37,16,24592,1
10:32:14,15.37,5,7685,1
10:32:11,15.37,58,89146,1
10:32:08,15.37,8,12296,1
10:32:05,15.37,58,89146,-1
10:32:02,15.38,33,50754,1
10:31:59,15.37,30,46110,0
10:31:56,15.38,65,99970,1
10:31:53,15.37,120,184440,1
10:31:50,15.37,29,44573,1
10:31:44,15.36,5,7680,-1
10:31:41,15.36,149,228864,1
10:31:38,15.36,25,38400,1
10:31:32,15.34,7,10738,-1
10:31:29,15.34,379,581386,1
10:31:26,15.33,20,30660,-1
10:31:23,15.33,41,63006,1
10:31:20,15.33,39,61166,-1
10:31:17,15.34,3,4602,1
10:31:14,15.34,144,220896,1
10:31:11,15.33,25,38325,-1
10:31:08,15.33,18,27594,-1
10:31:05,15.34,1,1534,1
10:31:02,15.34,25,38350,1
10:30:56,15.33,1,1686,-1
10:30:53,15.34,34,52156,1
10:30:44,15.34,28,42952,1
10:30:41,15.32,35,53620,-1
10:30:38,15.33,14,21462,-1
10:30:35,15.33,192,294336,1
10:30:32,15.32,5,7660,-1
10:30:26,15.32,106,162392,1
10:30:23,15.31,17,26027,-1
10:30:17,15.31,224,342944,1
10:30:14,15.3,5,7650,1
10:30:11,15.3,113,172890,1
10:30:08,15.3,1,1530,1
10:30:05,15.3,50,76500,1
10:30:02,15.3,65,99450,1
10:29:53,15.3,10,15300,1
10:29:50,15.3,19,29070,1
10:29:47,15.29,2,3058,1
10:29:38,15.3,0,0,1
10:29:35,15.3,20,30600,1
10:29:32,15.3,350,535500,1
10:29:29,15.29,0,0,-1
10:29:26,15.29,10,15290,-1
10:29:20,15.29,763,1166627,1
10:29:14,15.27,10,15270,-1
10:29:05,15.27,18,27486,-1
10:29:02,15.27,64,97728,1
10:28:47,15.27,5,7635,1
10:28:44,15.26,5,7630,-1
10:28:38,15.26,2,3052,-1
10:28:26,15.27,32,48864,-1
10:28:23,15.27,0,0,0
10:28:17,15.27,5,7635,1
10:28:05,15.27,35,53445,-1
10:27:56,15.27,30,45810,-1
10:27:53,15.27,0,0,0
10:27:50,15.27,46,70242,1
10:27:41,15.27,8,12216,1
10:27:35,15.27,48,73296,1
10:27:29,15.27,24,36648,1
10:27:26,15.27,33,50391,-1
10:27:20,15.27,2,3054,-1
10:27:17,15.28,0,0,1
10:27:14,15.28,103,157384,1
10:27:08,15.27,3,4581,-1
10:27:05,15.27,45,68715,-1
10:27:02,15.27,2,3054,0
10:26:59,15.28,7,10696,1
10:26:56,15.27,11,16797,1
10:26:53,15.26,10,15260,-1
10:26:47,15.28,16,24448,1
10:26:44,15.27,16,24432,-1
10:26:41,15.28,34,51952,1
10:26:32,15.28,100,152800,1
10:26:08,15.27,46,70242,1
10:26:05,15.28,12,18336,1
10:25:59,15.26,8,12208,-1
10:25:56,15.27,22,33594,-1
10:25:50,15.27,24,36648,-1
10:25:44,15.27,3,4581,-1
10:25:41,15.28,1,1528,1
10:25:38,15.28,23,35144,1
10:25:29,15.27,74,112998,1
10:25:20,15.27,10,15270,1
10:25:11,15.27,10,15270,1
10:25:05,15.27,28,42756,1
10:24:56,15.27,16,24432,1
10:24:53,15.26,1,1678,-1
10:24:50,15.27,5,7635,1
10:24:35,15.27,5,7635,1
10:24:29,15.27,10,15270,1
10:24:20,15.26,22,33572,-1
10:24:17,15.27,1,1527,1
10:24:14,15.26,6,9156,-1
10:24:11,15.27,5,7635,1
10:24:08,15.27,100,152700,1
10:24:05,15.27,3,4581,1
10:24:02,15.26,16,24416,-1
10:23:59,15.26,22,33572,-1
10:23:56,15.26,10,15260,-1
10:23:53,15.26,0,0,0
10:23:47,15.26,13,19838,1
10:23:44,15.26,5,7630,1
10:23:41,15.25,1,1525,-1
10:23:35,15.26,80,122080,1
10:23:29,15.26,1,1526,1
10:23:20,15.25,9,13725,-1
10:23:17,15.25,20,30500,-1
10:23:11,15.25,20,30500,1
10:23:05,15.26,55,83930,1
10:23:02,15.25,7,10675,1
10:22:59,15.23,5,7615,-1
10:22:50,15.26,0,0,1
10:22:44,15.26,50,76300,1
10:22:41,15.26,24,36624,1
10:22:32,15.25,100,152500,1
10:22:08,15.23,3,4569,-1
10:22:05,15.23,2,3046,-1
10:22:02,15.25,30,45750,1
10:21:47,15.23,2,3046,-1
10:21:23,15.25,60,91500,1
10:21:20,15.24,13,19812,1
10:21:14,15.23,12,18276,-1
10:21:01,15.23,6,9290,1
10:20:52,15.23,8,13554,-1
10:20:46,15.23,55,83917,1
10:20:31,15.23,10,15230,1
10:20:22,15.23,8,13554,-1
10:20:13,15.24,6,9144,1
10:20:10,15.23,10,15230,-1
10:20:04,15.24,20,30480,1
10:20:01,15.23,7,10661,-1
10:19:55,15.23,1,1523,-1
10:19:46,15.24,5,7620,1
10:19:37,15.24,9,13716,1
10:19:31,15.24,2,3048,1
10:19:22,15.24,65,99060,1
10:19:04,15.23,105,160067,-1
10:18:55,15.23,15,22845,-1
10:18:52,15.23,10,15230,-1
10:18:46,15.23,17,25891,-1
10:18:34,15.23,10,15230,-1
10:18:28,15.23,11,16753,-1
10:18:13,15.24,43,65532,1
10:18:01,15.24,65,99060,1
10:17:58,15.24,11,16764,1
10:17:55,15.24,31,47244,1
10:17:46,15.24,35,53340,1
10:17:40,15.24,5,7620,1
10:17:31,15.23,7,10661,-1
10:17:19,15.24,71,108204,1
10:17:16,15.24,15,22860,1
10:17:07,15.24,5,7620,1
10:16:43,15.24,26,39624,1
10:16:37,15.23,1,1523,-1
10:16:34,15.23,12,18276,1
10:16:31,15.23,3,4569,1
10:16:28,15.22,1,1522,-1
10:16:25,15.23,29,44167,1
10:16:11,15.23,23,35029,1
10:16:05,15.23,6,9138,1
10:16:01,15.22,4,6088,-1
10:15:57,15.22,14,21308,-1
10:15:52,15.22,1,1522,-1
10:15:48,15.23,35,53305,1
10:15:46,15.23,5,7615,1
10:15:35,15.22,4,6088,-1
10:15:26,15.22,14,21308,-1
10:15:17,15.23,10,15230,1
10:15:14,15.22,3,4566,-1
10:15:11,15.22,2,3044,-1
10:14:59,15.21,0,0,-1
10:14:56,15.21,5,7605,-1
10:14:32,15.23,5,7615,-1
10:14:26,15.23,10,15230,1
10:14:20,15.23,5,7615,1
10:14:11,15.23,10,15230,-1
10:14:08,15.23,10,15230,1
10:14:02,15.23,0,0,0
10:13:59,15.23,14,21322,-1
10:13:50,15.23,8,12184,-1
10:13:47,15.23,19,28937,-1
10:13:44,15.23,63,95949,1
10:13:32,15.23,9,13707,1
10:13:29,15.23,19,28937,1
10:13:26,15.23,7,10661,1
10:13:23,15.23,10,15230,1
10:13:20,15.19,100,151900,-1
10:13:08,15.23,43,65489,1
10:13:02,15.23,0,0,1
10:12:59,15.23,119,181237,1
10:12:56,15.21,4,6084,1
10:12:53,15.21,0,0,1
10:12:41,15.21,0,0,1
10:12:38,15.21,14,21294,1
10:12:32,15.21,10,15210,1
10:12:20,15.21,26,39546,1
10:12:17,15.2,1,1520,1
10:12:11,15.18,1,1518,-1
10:12:08,15.18,205,311190,-1
10:11:47,15.19,1,1519,-1
10:11:38,15.2,11,16720,1
10:11:29,15.19,1,1519,-1
10:11:23,15.19,21,31899,1
10:11:05,15.18,5,7590,-1
10:11:02,15.19,9,13671,1
10:10:35,15.19,20,30380,1
10:10:26,15.18,8,12144,-1
10:10:08,15.18,1,1518,-1
10:10:02,15.19,33,50127,-1
10:09:56,15.19,4,6076,-1
10:09:53,15.19,2,3038,-1
10:09:47,15.19,2,3038,-1
10:09:44,15.19,2,3038,-1
10:09:41,15.19,8,12152,1
10:09:38,15.18,15,22770,-1
10:09:35,15.18,43,65274,-1
10:09:26,15.19,42,63798,-1
10:09:23,15.19,8,12152,-1
10:09:14,15.19,10,15190,-1
10:09:08,15.19,4,6076,1
10:08:59,15.19,7,10633,1
10:08:56,15.19,67,101773,-1
10:08:47,15.21,2,3042,1
10:08:41,15.19,2,3038,-1
10:08:26,15.21,4,6084,1
10:07:53,15.18,0,0,-1
10:07:50,15.18,32,48576,-1
10:07:35,15.18,10,15180,-1
10:07:32,15.19,10,15190,1
10:07:26,15.19,7,10633,1
10:07:08,15.19,20,30380,1
10:06:59,15.18,20,30360,-1
10:06:53,15.18,2,3036,-1
10:06:50,15.18,2,3036,-1
10:06:47,15.19,1,1519,1
10:06:44,15.18,2,3036,-1
10:06:41,15.18,45,68310,-1
10:06:35,15.19,24,36456,-1
10:06:32,15.2,2,3040,-1
10:06:29,15.2,11,16720,1
10:06:26,15.19,9,13671,-1
10:06:20,15.19,3,4557,-1
10:06:14,15.19,14,21266,-1
10:06:05,15.19,4,6076,-1
10:05:59,15.19,1,1519,-1
10:05:56,15.19,2,3038,-1
10:05:50,15.19,5,7595,-1
10:05:32,15.2,7,10640,1
10:05:26,15.19,131,198989,1
10:05:23,15.18,1,1518,-1
10:05:17,15.18,1,1518,-1
10:05:14,15.18,1,1518,-1
10:05:11,15.19,2,3038,1
10:04:59,15.18,3,4554,-1
10:04:56,15.19,31,47089,1
10:04:53,15.19,4,6076,-1
10:04:47,15.19,6,9114,0
10:04:44,15.18,0,0,-1
10:04:41,15.18,5,7590,-1
10:04:38,15.18,0,0,-1
10:04:29,15.18,18,27324,-1
10:04:26,15.18,6,9108,-1
10:04:23,15.18,2,3036,-1
10:04:20,15.19,1,1519,1
10:04:17,15.19,1,1519,1
10:04:11,15.18,2,3036,-1
10:04:08,15.17,0,0,-1
10:04:02,15.17,100,151700,-1
10:03:56,15.18,40,60720,1
10:03:53,15.18,41,62238,1
10:03:47,15.18,5,7590,1
10:03:23,15.17,1,1517,-1
10:03:20,15.17,1,1517,-1
10:03:17,15.18,5,7590,1
10:03:14,15.17,2,3034,1
10:03:11,15.17,5,7585,1
10:03:02,15.17,54,81918,-1
10:02:59,15.18,50,75900,1
10:02:47,15.17,20,30340,-1
10:02:44,15.17,4,6068,-1
10:02:35,15.18,10,15180,1
10:02:31,15.17,10,15170,-1
10:02:26,15.17,10,15170,-1
10:02:20,15.17,15,22755,-1
10:02:17,15.18,1,1518,1
10:02:14,15.17,1,1517,-1
10:02:11,15.17,1,1517,-1
10:01:59,15.17,10,15170,-1
10:01:49,15.18,8,12144,-1
10:01:38,15.18,38,57684,1
10:01:16,15.18,21,31878,1
10:01:13,15.17,33,50061,-1
10:01:10,15.17,1,1517,-1
10:00:52,15.17,12,18204,-1
10:00:46,15.17,5,7585,-1
10:00:34,15.17,13,19721,-1
10:00:31,15.17,1,1517,-1
10:00:28,15.17,105,159285,-1
10:00:25,15.18,11,16698,1
10:00:16,15.17,143,216931,-1
10:00:13,15.17,10,15170,-1
10:00:10,15.18,5,7590,1
10:00:07,15.18,112,170016,1
10:00:04,15.17,2,3034,-1
10:00:01,15.17,1,1517,-1
09:59:49,15.18,6,9108,1
09:59:46,15.17,10,15170,-1
09:59:43,15.17,30,45510,-1
09:59:40,15.17,105,159285,-1
09:59:37,15.18,13,19734,1
09:59:34,15.17,6,9102,-1
09:59:31,15.18,7,10626,1
09:59:28,15.18,2,3036,1
09:59:25,15.18,18,27324,-1
09:59:19,15.18,10,15180,-1
09:59:16,15.18,29,44022,-1
09:59:04,15.18,250,379500,-1
09:58:58,15.19,36,54684,-1
09:58:55,15.19,19,28861,-1
09:58:40,15.19,6,9114,-1
09:58:31,15.19,20,30380,-1
09:58:22,15.19,5,7595,-1
09:58:16,15.19,2,3038,-1
09:58:10,15.19,10,15190,-1
09:57:52,15.19,2,3038,-1
09:57:49,15.21,6,9126,1
09:57:34,15.19,2,3038,-1
09:57:22,15.2,1,1520,-1
09:57:07,15.2,2,3040,-1
09:56:53,15.2,14,21280,1
09:56:41,15.19,50,75950,-1
09:56:35,15.19,1,1519,-1
09:56:32,15.2,150,228000,1
09:56:17,15.18,0,0,-1
09:56:14,15.18,27,40986,-1
09:56:08,15.19,6,9114,-1
09:55:59,15.19,8,12152,1
09:55:56,15.19,17,25823,-1
09:55:53,15.19,10,15190,-1
09:55:50,15.19,2,3038,1
09:55:35,15.18,10,15180,-1
09:55:17,15.18,10,15180,-1
09:55:14,15.2,1,1520,1
09:55:02,15.2,2,3040,1
09:54:50,15.2,12,18240,-1
09:54:35,15.21,0,0,1
09:54:32,15.21,206,313326,1
09:54:26,15.2,2,3040,-1
09:54:17,15.2,18,27360,-1
09:54:02,15.21,2,3042,-1
09:53:53,15.22,5,7610,1
09:53:44,15.21,2,3042,-1
09:53:41,15.21,4,6084,-1
09:53:38,15.21,2,3042,-1
09:53:35,15.21,12,18252,-1
09:53:26,15.21,2,3042,-1
09:53:23,15.21,58,88218,1
09:53:17,15.2,3,4560,-1
09:53:14,15.2,8,12160,-1
09:53:11,15.2,27,41040,-1
09:53:08,15.2,13,19760,-1
09:52:56,15.2,3,4560,-1
09:52:53,15.2,8,12160,-1
09:52:50,15.2,3,4560,-1
09:52:44,15.2,21,31920,-1
09:52:41,15.2,13,19760,-1
09:52:32,15.2,1,1520,-1
09:52:29,15.2,91,138320,-1
09:52:26,15.2,30,45600,-1
09:52:20,15.2,20,30400,-1
09:52:14,15.2,2,3040,-1
09:52:11,15.2,4,6080,-1
09:52:02,15.2,50,76000,1
09:51:53,15.19,2,3038,-1
09:51:38,15.19,1,1519,-1
09:51:35,15.2,24,36480,1
09:51:29,15.2,5,7600,1
09:51:26,15.2,31,47120,-1
09:51:17,15.21,1,1521,1
09:51:02,15.21,17,25857,1
09:50:59,15.2,2,3040,-1
09:50:56,15.21,20,30420,1
09:50:50,15.2,1,1520,-1
09:50:44,15.21,30,45630,1
09:50:41,15.2,9,13680,1
09:50:38,15.2,9,13680,-1
09:50:35,15.19,0,0,-1
09:50:32,15.19,20,30380,-1
09:50:26,15.2,22,33440,1
09:50:20,15.2,8,12160,1
09:50:17,15.2,9,13680,-1
09:50:11,15.2,1,1520,-1
09:50:05,15.19,0,0,-1
09:50:02,15.19,78,118482,-1
09:49:50,15.2,29,44080,1
09:49:38,15.19,126,191394,-1
09:49:35,15.19,0,0,-1
09:49:29,15.19,16,24304,-1
09:49:26,15.2,7,10640,-1
09:48:53,15.21,7,10647,1
09:48:47,15.19,0,0,-1
09:48:41,15.19,25,37975,-1
09:48:38,15.21,35,53235,1
09:48:35,15.18,0,0,-1
09:48:26,15.18,200,303600,-1
09:48:20,15.2,94,142880,1
09:48:11,15.18,33,50094,1
09:48:08,15.17,1,1517,-1
09:48:05,15.17,2,3034,-1
09:47:59,15.17,1,1517,-1
09:47:56,15.18,13,19734,1
09:47:50,15.17,15,22755,-1
09:47:47,15.18,239,362802,1
09:47:41,15.18,11,16698,1
09:47:35,15.17,4,6068,0
09:47:32,15.17,5,7585,-1
09:47:29,15.18,3,4554,1
09:47:26,15.17,100,151700,1
09:47:20,15.16,1,1516,-1
09:47:17,15.17,130,197210,-1
09:47:14,15.19,1,1519,-1
09:47:08,15.19,49,74431,1
09:47:05,15.17,2,3034,-1
09:46:44,15.17,0,0,0
09:46:38,15.17,20,30340,1
09:46:35,15.17,180,273060,-1
09:46:32,15.19,4,6076,1
09:46:23,15.18,10,15180,-1
09:46:20,15.19,1,1519,1
09:46:17,15.18,7,10626,-1
09:46:14,15.18,2,3036,-1
09:46:08,15.18,36,54648,-1
09:46:02,15.18,6,9108,-1
09:45:56,15.18,4,6072,-1
09:45:44,15.19,54,82026,1
09:45:41,15.18,110,166980,-1
09:45:38,15.19,1,1519,1
09:45:35,15.19,7,10633,1
09:45:32,15.19,28,42532,1
09:45:29,15.19,58,88102,-1
09:45:26,15.19,7,10633,-1
09:45:20,15.19,10,15190,-1
09:45:14,15.19,5,7595,-1
09:45:02,15.19,12,18228,-1
09:44:56,15.19,10,15190,-1
09:44:53,15.19,9,13671,1
09:44:47,15.18,39,59202,-1
09:44:44,15.19,3,4557,1
09:44:41,15.18,11,16698,-1
09:44:38,15.19,17,25823,1
09:44:35,15.19,30,45570,1
09:44:29,15.19,52,78988,-1
09:44:20,15.19,3,4557,-1
09:44:17,15.19,53,80507,-1
09:44:08,15.19,2,3038,-1
09:44:02,15.2,13,19760,1
09:43:59,15.21,4,6084,1
09:43:56,15.19,191,290129,-1
09:43:53,15.21,8,12168,1
09:43:49,15.2,10,15200,-1
09:43:43,15.2,7,10640,-1
09:43:37,15.2,5,7600,-1
09:43:32,15.2,50,76000,-1
09:43:23,15.2,0,0,-1
09:43:19,15.2,0,0,-1
09:43:14,15.2,14,21280,0
09:43:11,15.19,55,83545,-1
09:43:01,15.19,0,0,-1
09:42:58,15.19,100,151900,-1
09:42:55,15.22,3,4566,1
09:42:47,15.22,0,0,1
09:42:43,15.22,41,62402,1
09:42:28,15.2,19,28880,-1
09:42:25,15.2,29,44080,1
09:42:22,15.2,8,12160,1
09:42:19,15.2,29,44080,-1
09:42:16,15.21,3,4563,1
09:42:13,15.2,8,12160,1
09:42:10,15.2,50,76000,1
09:42:04,15.2,17,25840,1
09:41:52,15.19,36,54684,-1
09:41:37,15.19,50,75950,-1
09:41:19,15.2,1,1520,1
09:41:16,15.19,4,6076,-1
09:41:07,15.19,40,60760,-1
09:41:04,15.2,28,42560,-1
09:41:01,15.2,48,72960,-1
09:40:55,15.21,5,7605,1
09:40:52,15.2,30,45600,-1
09:40:43,15.21,10,15210,1
09:40:40,15.2,55,83600,-1
09:40:37,15.2,20,30400,-1
09:40:34,15.2,13,19760,-1
09:40:25,15.21,5,7605,1
09:40:22,15.21,218,331578,-1
09:40:19,15.21,10,15210,-1
09:40:16,15.22,10,15220,1
09:40:13,15.22,7,10654,1
09:40:10,15.22,14,21308,1
09:40:07,15.21,51,77571,-1
09:40:01,15.22,10,15220,1
09:39:58,15.22,12,18264,-1
09:39:55,15.22,0,0,-1
09:39:46,15.22,12,18264,-1
09:39:43,15.23,22,33506,-1
09:39:40,15.24,0,0,1
09:39:31,15.24,50,76200,1
09:39:25,15.22,12,18264,-1
09:39:22,15.24,28,42672,-1
09:39:19,15.24,16,24384,1
09:39:16,15.23,7,10661,1
09:39:10,15.22,8,12176,0
09:39:07,15.21,43,65403,-1
09:39:04,15.22,5,7610,-1
09:39:01,15.22,2,3044,-1
09:38:58,15.22,1,1522,0
09:38:54,15.22,20,30440,1
09:38:46,15.22,13,19786,-1
09:38:43,15.23,12,18276,1
09:38:33,15.22,7,10654,-1
09:38:29,15.24,0,0,1
09:38:23,15.24,31,47244,1
09:38:20,15.23,18,27414,-1
09:38:17,15.23,12,18276,-1
09:38:08,15.23,3,4569,-1
09:38:02,15.24,4,6096,-1
09:37:56,15.23,2,3046,-1
09:37:53,15.23,3,4569,-1
09:37:50,15.24,20,30480,1
09:37:44,15.24,2,3048,-1
09:37:38,15.24,13,19812,-1
09:37:35,15.24,21,32004,-1
09:37:23,15.24,1,1524,-1
09:37:20,15.24,20,30480,-1
09:37:14,15.24,2,3048,-1
09:37:08,15.21,276,419796,-1
09:37:02,15.23,5,7615,-1
09:36:59,15.23,26,39598,0
09:36:56,15.22,0,0,0
09:36:53,15.22,10,15220,1
09:36:50,15.21,114,173394,-1
09:36:47,15.22,48,73056,-1
09:36:44,15.23,24,36552,1
09:36:41,15.23,9,13707,-1
09:36:38,15.22,0,0,-1
09:36:35,15.22,12,18264,-1
09:36:20,15.23,11,16753,-1
09:36:17,15.24,6,9144,1
09:36:14,15.23,6,9138,-1
09:36:11,15.23,94,143162,-1
09:36:08,15.24,4,6096,-1
09:36:05,15.24,6,9144,-1
09:36:02,15.24,3,4572,-1
09:35:59,15.24,195,297180,-1
09:35:56,15.25,0,0,0
09:35:53,15.25,95,144875,-1
09:35:50,15.26,2,3052,1
09:35:47,15.25,19,28975,-1
09:35:26,15.26,45,68670,-1
09:35:23,15.26,40,61040,-1
09:35:17,15.26,7,10682,-1
09:35:11,15.26,3,4578,-1
09:35:05,15.28,15,22920,1
09:35:02,15.28,5,7640,1
09:34:59,15.26,110,167860,-1
09:34:56,15.28,10,15280,1
09:34:44,15.28,1,1528,1
09:34:35,15.26,7,10682,-1
09:34:29,15.28,49,74872,-1
09:34:26,15.28,50,76400,-1
09:34:23,15.29,5,7645,1
09:34:20,15.28,1,1528,-1
09:34:17,15.28,5,7640,-1
09:34:14,15.29,2,3058,1
09:33:53,15.28,1,1528,-1
09:33:44,15.28,27,41256,-1
09:33:32,15.29,79,120791,-1
09:33:29,15.3,3,4590,1
09:33:26,15.29,10,15290,-1
09:33:20,15.3,8,12240,1
09:33:11,15.3,9,13770,1
09:33:05,15.3,5,7650,1
09:33:02,15.3,103,157590,-1
09:32:59,15.3,2,3060,-1
09:32:56,15.31,10,15310,1
09:32:50,15.3,20,30600,-1
09:32:47,15.31,26,39806,1
09:32:44,15.31,6,9186,1
09:32:41,15.31,3,4593,1
09:32:38,15.31,17,26027,1
09:32:32,15.3,3,4590,-1
09:32:26,15.31,38,58178,1
09:32:23,15.3,16,24480,-1
09:32:14,15.3,6,9180,-1
09:32:08,15.3,4,6120,1
09:32:05,15.3,20,30600,1
09:31:59,15.3,24,36720,1
09:31:50,15.3,2,3060,1
09:31:47,15.29,6,9174,1
09:31:44,15.29,26,39754,1
09:31:38,15.29,45,68805,1
09:31:32,15.28,3,4584,-1
09:31:29,15.29,5,7645,1
09:31:20,15.28,11,16808,-1
09:31:17,15.28,12,18336,1
09:31:14,15.29,4,6116,1
09:31:11,15.29,40,61160,1
09:31:08,15.29,0,0,1
09:31:05,15.29,269,411301,1
09:31:02,15.28,3,4584,1
09:30:56,15.28,16,24448,1
09:30:53,15.28,4,6112,1
09:30:50,15.27,31,47337,-1
09:30:47,15.28,10,15280,1
09:30:41,15.27,6,9162,-1
09:30:38,15.27,15,22905,-1
09:30:29,15.28,20,30560,1
09:30:23,15.27,6,9162,-1
09:30:14,15.28,1,1528,1
09:30:08,15.28,30,45840,1
09:30:05,15.27,63,96201,-1
09:30:02,15.3,84,128520,1
09:29:00,15.26,0,0,-1
09:25:03,15.26,284,433384,1
