timestamp,price,volume,turnover,direction
15:00:00,16.67,0,0,-1
15:00:00,16.67,0,0,-1
15:00:00,16.67,3,5001,-1
14:59:58,16.67,139,231713,-1
14:59:52,16.67,12,20004,1
14:59:49,16.66,0,0,-1
14:59:46,16.66,106,176596,-1
14:59:43,16.67,22,36674,1
14:59:40,16.67,2,3334,1
14:59:37,16.67,39,65013,1
14:59:34,16.67,3,5001,1
14:59:31,16.67,46,76682,1
14:59:25,16.67,12,20004,1
14:59:19,16.67,43,71681,-1
14:59:16,16.68,83,138444,1
14:59:13,16.67,5,8335,-1
14:59:10,16.67,65,108355,-1
14:59:04,16.67,12,20004,-1
14:59:01,16.67,40,66680,1
14:58:58,16.67,6,10002,1
14:58:55,16.67,5,8335,1
14:58:52,16.66,25,41650,-1
14:58:49,16.67,50,83350,1
14:58:46,16.67,21,35007,1
14:58:43,16.67,10,16670,1
14:58:40,16.67,5,8335,1
14:58:37,16.66,21,34986,-1
14:58:34,16.67,10,16670,-1
14:58:31,16.66,33,54978,-1
14:58:28,16.67,8,13336,0
14:58:25,16.68,108,180144,1
14:58:22,16.67,20,33340,1
14:58:19,16.67,7,11669,1
14:58:16,16.66,12,19992,-1
14:58:13,16.67,3,5001,1
14:58:10,16.66,6,9996,-1
14:58:07,16.67,17,28339,1
14:58:04,16.66,12,19992,-1
14:57:58,16.66,12,19992,-1
14:57:55,16.67,7,11669,1
14:57:49,16.66,5,8330,-1
14:57:46,16.66,10,16660,-1
14:57:40,16.66,26,43316,-1
14:57:37,16.66,9,14994,-1
14:57:34,16.66,30,49980,-1
14:57:31,16.67,106,176702,1
14:57:28,16.66,25,41650,-1
14:57:19,16.66,40,66640,-1
14:57:16,16.67,65,108355,1
14:57:13,16.67,1,1667,1
14:57:10,16.67,20,33340,1
14:57:07,16.66,29,48314,-1
14:57:01,16.67,18,30006,1
14:56:58,16.67,5,8335,1
14:56:55,16.67,74,123358,0
14:56:52,16.66,115,191590,-1
14:56:46,16.67,42,70014,1
14:56:40,16.66,5,8330,-1
14:56:37,16.67,27,45009,1
14:56:34,16.66,74,123284,-1
14:56:28,16.67,57,95019,1
14:56:25,16.67,5,8335,1
14:56:19,16.66,3,4998,-1
14:56:13,16.66,74,123284,-1
14:56:10,16.67,10,16670,1
14:56:07,16.67,12,20004,1
14:56:04,16.67,67,111689,-1
14:55:58,16.68,12,20016,1
14:55:52,16.67,45,75015,-1
14:55:49,16.68,2,3336,1
14:55:46,16.67,10,16670,-1
14:55:43,16.67,130,216710,-1
14:55:40,16.68,1,1668,1
14:55:37,16.67,101,168367,-1
14:55:31,16.68,5,8340,1
14:55:25,16.67,74,123358,-1
14:55:22,16.68,112,186816,1
14:55:19,16.67,64,106688,-1
14:55:16,16.67,7,11669,-1
14:55:13,16.67,50,83350,-1
14:55:10,16.68,120,200160,1
14:55:04,16.68,2,3336,1
14:55:01,16.68,10,16680,1
14:54:55,16.68,100,166800,1
14:54:52,16.67,12,20004,-1
14:54:49,16.68,1,1668,1
14:54:46,16.68,52,86736,1
14:54:43,16.68,8,13344,1
14:54:33,16.67,2,3334,-1
14:54:30,16.67,59,98353,1
14:54:27,16.67,1,1667,1
14:54:21,16.67,0,0,1
14:54:18,16.67,292,486764,1
14:54:15,16.67,5,8335,-1
14:54:12,16.67,11,18337,-1
14:54:06,16.68,1,1668,1
14:54:00,16.68,2,3336,1
14:53:54,16.66,50,83300,-1
14:53:51,16.65,0,0,-1
14:53:48,16.65,208,346319,-1
14:53:45,16.68,1,1668,1
14:53:42,16.67,3,5001,-1
14:53:39,16.67,5,8335,-1
14:53:36,16.68,18,30024,1
14:53:30,16.65,20,33300,-1
14:53:27,16.65,503,837494,-1
14:53:24,16.67,13,21671,0
14:53:21,16.66,43,71638,-1
14:53:18,16.67,22,36674,-1
14:53:15,16.67,100,166700,1
14:53:12,16.67,7,11669,1
14:53:09,16.66,18,29988,-1
14:53:06,16.66,48,79968,-1
14:52:57,16.66,20,33320,-1
14:52:54,16.67,12,20004,1
14:52:51,16.66,2,3332,-1
14:52:45,16.66,1,1666,-1
14:52:39,16.67,5,8335,1
14:52:36,16.67,2,3334,1
14:52:33,16.67,4,6668,1
14:52:30,16.66,6,9996,-1
14:52:24,16.66,52,86632,-1
14:52:21,16.67,10,16670,1
14:52:18,16.66,17,28322,-1
14:52:15,16.67,38,63346,1
14:52:12,16.66,2,3332,-1
14:52:03,16.67,5,8335,1
14:52:00,16.66,50,83300,-1
14:51:54,16.66,55,91630,-1
14:51:51,16.67,32,53344,1
14:51:45,16.67,14,23338,1
14:51:42,16.66,4,6664,-1
14:51:39,16.67,13,21671,1
14:51:33,16.67,34,56678,1
14:51:27,16.67,46,76682,1
14:51:21,16.67,10,16670,1
14:51:18,16.67,12,20004,1
14:51:15,16.66,110,183260,-1
14:51:09,16.66,45,74970,-1
14:51:06,16.66,27,44982,-1
14:51:00,16.66,5,8330,-1
14:50:57,16.67,27,45009,1
14:50:54,16.67,3,5001,1
14:50:45,16.67,10,16670,1
14:50:36,16.67,23,38341,-1
14:50:33,16.67,36,60012,-1
14:50:30,16.67,29,48343,-1
14:50:24,16.68,6,10008,1
14:50:12,16.67,2,3334,-1
14:50:03,16.67,10,16670,-1
14:50:00,16.67,13,21671,-1
14:49:51,16.67,5,8335,-1
14:49:45,16.67,13,21671,1
14:49:42,16.66,2,3332,0
14:49:39,16.67,354,590118,1
14:49:36,16.67,1,1667,1
14:49:30,16.67,2,3334,1
14:49:27,16.67,6,10002,-1
14:49:24,16.67,4,6668,-1
14:49:21,16.69,51,85119,1
14:49:11,16.68,0,0,1
14:49:08,16.68,10,16680,1
14:49:05,16.68,1,1668,1
14:49:02,16.66,5,8330,-1
14:48:59,16.7,10,16700,1
14:48:56,16.69,21,35049,-1
14:48:54,16.7,0,0,1
14:48:50,16.7,20,33400,1
14:48:47,16.69,0,0,1
14:48:44,16.69,19,31711,1
14:48:41,16.65,1764,2937059,-1
14:48:39,16.68,40,66720,-1
14:48:36,16.69,2,3338,1
14:48:32,16.69,7,11683,1
14:48:29,16.68,5,8340,-1
14:48:26,16.68,5,8340,-1
14:48:23,16.69,2,3338,1
14:48:20,16.68,3,5004,-1
14:48:17,16.69,31,51739,1
14:48:14,16.68,6,10008,-1
14:48:12,16.69,50,83450,1
14:48:08,16.69,124,206956,1
14:48:05,16.68,3,5004,-1
14:48:02,16.69,39,65091,1
14:47:59,16.69,83,138527,1
14:47:56,16.68,5,8340,-1
14:47:53,16.68,15,25020,-1
14:47:50,16.68,10,16680,-1
14:47:41,16.69,33,55077,1
14:47:38,16.68,10,16680,-1
14:47:32,16.68,1,1668,-1
14:47:23,16.68,35,58380,-1
14:47:14,16.68,33,55044,-1
14:47:11,16.68,10,16680,-1
14:47:08,16.68,10,16680,1
14:47:05,16.69,0,0,1
14:47:02,16.69,36,60084,1
14:46:59,16.68,1,1668,1
14:46:53,16.67,17,28339,-1
14:46:47,16.69,2,3338,1
14:46:44,16.69,11,18359,1
14:46:41,16.67,17,28339,-1
14:46:38,16.67,10,16670,0
14:46:35,16.68,135,225180,1
14:46:32,16.66,105,174930,-1
14:46:29,16.66,52,86632,-1
14:46:23,16.67,38,63346,-1
14:46:20,16.68,1,1668,1
14:46:17,16.68,0,0,1
14:46:11,16.68,60,100080,1
14:46:08,16.68,1,1668,1
14:46:02,16.67,500,833500,-1
14:45:59,16.68,128,213504,-1
14:45:56,16.68,76,126768,-1
14:45:53,16.68,15,25020,-1
14:45:50,16.7,25,41750,1
14:45:47,16.69,11,18359,1
14:45:44,16.68,12,20016,-1
14:45:38,16.68,30,50040,-1
14:45:35,16.68,17,28356,-1
14:45:32,16.68,5,8340,-1
14:45:29,16.68,58,96744,-1
14:45:20,16.68,5,8340,-1
14:45:17,16.68,103,171804,-1
14:45:08,16.68,7,11676,-1
14:45:05,16.69,74,123506,1
14:45:02,16.68,31,51708,-1
14:44:56,16.69,74,123506,1
14:44:50,16.67,37,61679,-1
14:44:47,16.68,61,101748,1
14:44:44,16.68,67,111756,1
14:44:38,16.68,20,33360,1
14:44:32,16.68,2,3336,0
14:44:26,16.67,507,845169,-1
14:44:11,16.69,16,26704,-1
14:44:07,16.69,1,1669,-1
14:43:58,16.69,113,188597,-1
14:43:55,16.7,5,8350,1
14:43:52,16.69,122,203618,-1
14:43:43,16.69,10,16690,-1
14:43:40,16.69,1,1669,-1
14:43:37,16.7,9,15030,1
14:43:34,16.69,20,33380,-1
14:43:31,16.69,125,208625,-1
14:43:25,16.69,44,73436,-1
14:43:22,16.7,1,1670,1
14:43:16,16.69,17,28373,-1
14:43:13,16.7,1,1670,1
14:42:55,16.7,112,187040,-1
14:42:52,16.71,10,16710,1
14:42:49,16.7,301,502670,-1
14:42:46,16.71,46,78152,-1
14:42:43,16.71,32,53472,-1
14:42:40,16.71,70,117354,-1
14:42:37,16.72,18,30095,1
14:42:34,16.72,2,3344,1
14:42:31,16.72,2,3344,1
14:42:28,16.71,27,45117,-1
14:42:25,16.72,4,6688,1
14:42:22,16.71,17,28407,-1
14:42:19,16.72,3,5016,1
14:42:13,16.72,2,3344,1
14:42:10,16.71,10,16710,-1
14:42:07,16.71,5,8355,-1
14:41:46,16.72,50,83600,1
14:41:40,16.71,34,56814,-1
14:41:34,16.72,31,51832,1
14:41:31,16.72,5,8360,1
14:41:25,16.72,84,140448,-1
14:41:22,16.73,2,3346,1
14:41:16,16.72,102,170544,-1
14:41:10,16.73,1,1673,1
14:41:07,16.73,2,3346,1
14:41:04,16.73,27,45171,1
14:41:01,16.73,126,210798,-1
14:40:58,16.74,2,3347,1
14:40:55,16.73,15,25095,-1
14:40:52,16.74,2,3347,1
14:40:46,16.74,11,18414,1
14:40:43,16.74,1,1673,1
14:40:34,16.74,3,5021,1
14:40:31,16.72,17,28423,-1
14:40:25,16.74,11,18414,1
14:40:22,16.74,2,3347,1
14:40:19,16.74,4,6695,1
14:40:13,16.74,1,1673,0
14:40:10,16.75,3,5025,1
14:40:07,16.75,22,36850,1
14:40:04,16.75,3,5025,1
14:39:49,16.72,34,56847,-1
14:39:43,16.73,0,0,1
14:39:31,16.73,156,260988,-1
14:39:25,16.74,34,56915,1
14:39:22,16.74,16,26783,-1
14:39:19,16.74,4,6695,-1
14:39:13,16.74,10,16740,-1
14:39:10,16.75,79,132325,1
14:39:07,16.74,20,33480,-1
14:39:04,16.74,50,83699,-1
14:39:01,16.75,2,3350,1
14:38:55,16.75,3,5025,1
14:38:52,16.75,58,97150,1
14:38:46,16.75,50,83750,1
14:38:43,16.75,4,6700,-1
14:38:40,16.75,20,33500,-1
14:38:37,16.75,7,11725,-1
14:38:34,16.75,67,112225,-1
14:38:31,16.76,5,8380,1
14:38:28,16.76,3,5028,1
14:38:19,16.75,10,16750,-1
14:38:16,16.76,7,11732,1
14:38:13,16.75,30,50250,-1
14:37:58,16.76,0,0,1
14:37:55,16.76,11,18436,1
14:37:52,16.75,3,5025,1
14:37:49,16.76,0,0,1
14:37:46,16.76,1,1676,1
14:37:43,16.75,51,85425,1
14:37:37,16.75,3,5025,1
14:37:34,16.74,10,16740,-1
14:37:22,16.75,36,60300,1
14:37:13,16.74,10,16740,-1
14:37:04,16.75,0,0,1
14:37:01,16.75,50,83750,1
14:36:58,16.75,100,167500,1
14:36:40,16.73,121,202433,1
14:36:30,16.72,3,5016,-1
14:36:27,16.72,10,16720,1
14:36:09,16.72,5,8360,1
14:36:06,16.72,26,43472,1
14:36:04,16.71,4,6684,-1
14:35:52,16.71,5,8355,1
14:35:49,16.71,4,6684,1
14:35:45,16.71,3,5013,1
14:35:43,16.71,2,3342,-1
14:35:39,16.72,1,1672,1
14:35:37,16.71,197,329187,-1
14:35:30,16.71,1,1671,-1
14:35:27,16.72,4,6688,1
14:35:24,16.71,6,10026,-1
14:35:21,16.71,3,5013,-1
14:35:15,16.72,5,8360,1
14:35:00,16.71,18,30078,-1
14:34:57,16.71,31,51801,-1
14:34:51,16.71,34,56814,-1
14:34:30,16.72,1,1672,1
14:34:24,16.72,1,1672,1
14:34:15,16.72,2,3344,1
14:34:12,16.72,7,11704,1
14:34:03,16.72,16,26752,1
14:33:57,16.72,2,3344,1
14:33:54,16.72,1,1672,1
14:33:48,16.71,3,5013,1
14:33:42,16.71,10,16710,1
14:33:39,16.71,13,21723,1
14:33:33,16.71,105,175455,-1
14:33:27,16.71,10,16710,-1
14:33:21,16.72,20,33440,1
14:33:18,16.71,10,16710,-1
14:33:12,16.71,25,41775,-1
14:33:00,16.71,53,88563,1
14:32:51,16.71,6,10026,1
14:32:36,16.7,15,25050,-1
14:32:33,16.7,2,3340,-1
14:32:30,16.7,10,16700,-1
14:32:18,16.71,60,100260,1
14:32:12,16.71,1,1671,1
14:32:06,16.71,11,18381,1
14:31:57,16.7,12,20040,-1
14:31:54,16.7,5,8350,-1
14:31:48,16.7,1,1670,-1
14:31:45,16.7,6,10020,-1
14:31:39,16.7,39,65130,-1
14:31:30,16.7,20,33400,-1
14:31:12,16.7,27,45090,1
14:31:09,16.7,1,1670,1
14:31:03,16.7,10,16700,1
14:31:00,16.7,50,83500,-1
14:30:42,16.7,2,3340,-1
14:30:39,16.7,2,3340,-1
14:30:33,16.7,13,21710,-1
14:30:27,16.71,2,3342,1
14:29:56,16.7,15,25050,-1
14:29:45,16.71,1,1671,1
14:29:41,16.71,15,25065,1
14:29:39,16.7,4,6680,-1
14:29:26,16.7,5,8350,-1
14:29:20,16.7,2,3340,-1
14:29:12,16.7,6,10020,-1
14:29:02,16.71,1,1671,1
14:28:56,16.71,30,50130,1
14:28:53,16.7,100,167000,-1
14:28:47,16.7,21,35070,-1
14:28:44,16.7,35,58450,-1
14:28:41,16.7,1,1670,-1
14:28:32,16.71,7,11697,-1
14:28:29,16.71,0,0,0
14:28:26,16.71,0,0,-1
14:28:20,16.71,7,11697,-1
14:28:17,16.71,7,11697,-1
14:28:14,16.71,21,35091,-1
14:28:08,16.71,6,10026,-1
14:27:56,16.71,82,137022,-1
14:27:53,16.71,2,3342,-1
14:27:50,16.71,5,8355,-1
14:27:47,16.72,30,50160,1
14:27:38,16.71,10,16710,-1
14:27:02,16.71,12,20052,-1
14:26:56,16.72,2,3344,1
14:26:50,16.72,1,1672,1
14:26:47,16.72,14,23408,1
14:26:44,16.72,13,21736,1
14:26:38,16.72,7,11704,1
14:26:20,16.71,2,3342,-1
14:26:11,16.72,10,16720,1
14:26:08,16.71,11,18381,-1
14:26:02,16.72,1,1672,1
14:25:59,16.72,29,48488,1
14:25:50,16.71,2,3342,-1
14:25:44,16.72,2,3344,1
14:25:35,16.71,12,20052,-1
14:25:32,16.72,2,3344,1
14:25:25,16.71,14,23394,-1
14:25:07,16.71,16,26736,1
14:25:04,16.7,5,8350,-1
14:24:58,16.7,41,68470,-1
14:24:55,16.71,60,100260,1
14:24:46,16.7,10,16700,-1
14:24:34,16.7,5,8350,-1
14:24:28,16.7,7,11690,1
14:24:25,16.7,64,106880,1
14:24:07,16.7,197,328990,1
14:23:55,16.69,12,20028,1
14:23:52,16.69,1,1669,1
14:23:43,16.69,2,3338,-1
14:23:37,16.69,50,83450,-1
14:23:34,16.69,2,3338,-1
14:23:25,16.69,56,93464,-1
14:23:19,16.69,1,1669,-1
14:23:16,16.69,20,33380,-1
14:23:07,16.69,27,45063,-1
14:23:04,16.7,2,3340,1
14:22:49,16.7,15,25050,1
14:22:40,16.69,8,13352,-1
14:22:36,16.7,6,10020,1
14:22:25,16.7,44,73480,-1
14:22:16,16.71,195,325845,1
14:22:01,16.7,26,43420,-1
14:21:52,16.71,4,6684,1
14:21:49,16.7,3,5010,-1
14:21:46,16.7,32,53440,-1
14:21:43,16.7,5,8350,-1
14:21:34,16.7,33,55110,1
14:21:28,16.7,5,8350,1
14:21:10,16.7,10,16700,1
14:21:07,16.7,1,1670,1
14:20:52,16.7,19,31730,-1
14:20:43,16.7,84,140280,1
14:20:34,16.69,50,83450,-1
14:20:31,16.7,72,120240,1
14:20:16,16.69,1,1669,-1
14:20:13,16.7,1,1670,1
14:20:04,16.7,18,30060,1
14:20:01,16.7,10,16700,1
14:19:46,16.7,18,30060,1
14:19:37,16.7,92,153640,-1
14:19:33,16.7,5,8350,-1
14:19:31,16.7,3,5010,1
14:19:25,16.69,30,50070,-1
14:19:22,16.7,1,1670,1
14:19:19,16.69,20,33380,-1
14:19:10,16.7,1,1670,1
14:19:07,16.7,2,3340,1
14:19:04,16.7,5,8350,1
14:19:00,16.7,101,168670,1
14:18:34,16.69,11,18359,-1
14:18:25,16.69,17,28373,-1
14:18:19,16.7,1,1670,1
14:18:16,16.69,7,11683,-1
14:18:13,16.69,9,15021,1
14:18:10,16.68,5,8340,-1
14:17:55,16.68,20,33360,-1
14:17:52,16.68,3,5004,-1
14:17:37,16.69,1,1669,1
14:17:33,16.68,9,15012,-1
14:17:30,16.68,6,10008,-1
14:17:28,16.68,2,3336,-1
14:17:22,16.7,20,33400,1
14:17:13,16.68,2,3336,-1
14:17:07,16.68,1,1668,-1
14:17:01,16.69,100,166900,1
14:16:57,16.68,12,20016,-1
14:16:54,16.68,11,18348,-1
14:16:51,16.68,8,13344,-1
14:16:48,16.7,5,8350,1
14:16:46,16.68,5,8340,-1
14:16:33,16.7,0,0,0
14:16:27,16.7,6,10020,-1
14:16:21,16.7,4,6680,1
14:16:15,16.68,1,1668,-1
14:16:12,16.7,15,25050,1
14:16:09,16.69,17,28373,-1
14:15:54,16.69,9,15021,1
14:15:49,16.68,180,300240,-1
14:15:42,16.68,15,25020,-1
14:15:24,16.68,9,15012,-1
14:15:21,16.68,74,123432,-1
14:15:12,16.69,22,36718,-1
14:14:57,16.72,100,167200,1
14:14:54,16.69,200,333800,-1
14:14:51,16.69,15,25035,-1
14:14:45,16.7,10,16700,1
14:14:42,16.69,21,35049,-1
14:14:24,16.7,5,8350,1
14:14:12,16.7,9,15030,1
14:14:06,16.7,10,16700,1
14:13:57,16.7,16,26720,1
14:13:45,16.69,7,11683,-1
14:13:42,16.69,8,13352,-1
14:13:26,16.7,54,90180,1
14:13:24,16.7,1,1670,-1
14:13:18,16.7,20,33400,-1
14:13:09,16.7,50,83500,-1
14:12:54,16.7,6,10020,-1
14:12:45,16.71,0,0,0
14:12:42,16.71,0,0,-1
14:12:36,16.71,29,48459,-1
14:12:24,16.72,13,21736,-1
14:12:12,16.73,0,0,0
14:12:09,16.73,3,5019,-1
14:12:03,16.73,5,8365,-1
14:12:00,16.74,56,93743,1
14:11:57,16.73,14,23422,1
14:11:51,16.72,12,20064,-1
14:11:47,16.73,0,0,0
14:11:36,16.73,5,8365,-1
14:11:33,16.74,8,13391,1
14:11:30,16.73,5,8365,-1
14:11:24,16.72,0,0,-1
14:11:20,16.72,20,33440,-1
14:11:02,16.72,1,1672,-1
14:10:56,16.74,60,100439,1
14:10:54,16.73,7,11711,-1
14:10:44,16.74,30,50219,1
14:10:38,16.74,0,0,1
14:10:23,16.74,40,66960,1
14:10:20,16.71,2,3342,-1
14:10:14,16.72,7,11704,1
14:10:08,16.72,1,1672,1
14:10:06,16.71,30,50130,-1
14:10:03,16.71,25,41775,1
14:09:50,16.69,2,3338,1
14:09:44,16.68,19,31692,-1
14:09:41,16.69,30,50070,1
14:09:32,16.68,5,8340,-1
14:09:29,16.68,4,6672,-1
14:09:26,16.68,179,298572,1
14:09:14,16.67,15,25005,1
14:09:11,16.67,8,13336,1
14:09:08,16.67,23,38341,1
14:09:05,16.67,10,16670,1
14:08:56,16.66,6,9996,-1
14:08:53,16.66,5,8330,-1
14:08:50,16.66,26,43882,1
14:08:47,16.66,57,94962,1
14:08:44,16.65,4,6659,-1
14:08:41,16.66,108,179928,1
14:08:38,16.66,10,16660,1
14:08:32,16.65,206,342989,-1
14:08:29,16.65,12,19980,-1
14:08:26,16.66,36,59976,1
14:08:20,16.65,28,46619,-1
14:08:17,16.65,44,73260,-1
14:08:14,16.66,24,39984,1
14:08:11,16.66,10,16660,1
14:08:08,16.66,21,34986,1
14:08:05,16.66,2,3332,1
14:07:53,16.66,10,16660,1
14:07:50,16.66,8,13328,1
14:07:44,16.65,18,29969,-1
14:07:41,16.65,2,3329,-1
14:07:38,16.66,2,3332,1
14:07:32,16.66,1,1666,1
14:07:26,16.66,2,3332,1
14:07:23,16.65,1,1664,-1
14:07:20,16.66,10,16660,1
14:07:17,16.65,6,9990,-1
14:07:05,16.65,3,4995,-1
14:06:59,16.65,3,4995,-1
14:06:56,16.65,5,8325,-1
14:06:41,16.65,5,8325,-1
14:06:35,16.65,5,8325,-1
14:06:29,16.65,16,26939,1
14:06:26,16.65,28,46619,1
14:06:23,16.65,47,78255,-1
14:06:20,16.65,12,19980,-1
14:06:17,16.65,100,166500,-1
14:06:14,16.65,22,36630,-1
14:06:11,16.65,10,16650,-1
14:06:08,16.65,15,24974,-1
14:06:02,16.66,32,53312,1
14:05:56,16.66,204,339864,1
14:05:53,16.65,30,49949,-1
14:05:44,16.65,210,349649,-1
14:05:41,16.66,1,1666,1
14:05:38,16.65,20,33300,-1
14:05:26,16.66,15,24990,1
14:05:19,16.65,20,33300,-1
14:05:10,16.66,19,31654,1
14:04:58,16.65,27,44954,-1
14:04:56,16.65,80,133200,-1
14:04:49,16.66,10,16660,1
14:04:33,16.66,4,6664,1
14:04:30,16.65,18,29969,-1
14:04:27,16.66,5,8330,1
14:04:21,16.66,10,16660,1
14:04:18,16.66,10,16660,1
14:04:15,16.66,488,814107,-1
14:04:12,16.67,2,3334,1
14:04:09,16.67,1,1667,1
14:04:03,16.66,1,1666,-1
14:03:54,16.66,4,6664,-1
14:03:51,16.66,2,3332,-1
14:03:48,16.67,10,16670,1
14:03:45,16.67,17,28339,1
14:03:39,16.66,56,93296,-1
14:03:33,16.66,1,1666,-1
14:03:30,16.67,6,10002,1
14:03:24,16.67,5,8335,1
14:03:18,16.67,9,15003,1
14:03:15,16.66,10,16660,-1
14:03:12,16.67,30,50010,1
14:03:09,16.67,51,85017,1
14:03:06,16.67,71,118357,1
14:03:00,16.67,55,91685,1
14:02:57,16.67,31,52793,-1
14:02:54,16.67,37,61679,-1
14:02:45,16.67,177,295059,-1
14:02:36,16.67,30,50560,1
14:02:30,16.66,35,58310,-1
14:02:24,16.67,10,16670,1
14:02:21,16.66,58,96628,-1
14:02:09,16.67,3,5001,1
14:01:57,16.67,50,83350,1
14:01:54,16.67,2,3334,1
14:01:51,16.66,28,46648,-1
14:01:45,16.66,2,3332,-1
14:01:33,16.67,5,8335,1
14:01:30,16.67,110,184486,-1
14:01:24,16.68,10,16680,1
14:01:21,16.67,3,5001,-1
14:01:18,16.67,20,33340,-1
14:01:09,16.68,1,1668,1
14:01:06,16.67,2,3334,-1
14:01:00,16.67,37,62229,-1
14:00:42,16.67,2,3334,-1
14:00:36,16.68,8,13344,1
14:00:30,16.68,5,8340,1
14:00:21,16.68,2,3336,1
14:00:18,16.68,10,16680,1
14:00:12,16.67,47,78349,-1
14:00:09,16.68,2,3336,1
14:00:06,16.67,20,33340,-1
14:00:03,16.67,16,26672,-1
14:00:00,16.68,20,33360,1
13:59:51,16.68,1,1668,1
13:59:48,16.68,5,8340,1
13:59:45,16.68,16,26688,-1
13:59:42,16.68,328,547104,-1
13:59:39,16.68,6,10008,-1
13:59:33,16.68,6,10008,-1
13:59:30,16.68,70,116760,-1
13:59:24,16.68,3,5004,1
13:59:21,16.68,9,15012,-1
13:59:15,16.68,2,3336,1
13:59:12,16.68,221,368628,1
13:59:03,16.67,28,46676,-1
13:59:00,16.67,8,13336,-1
13:58:57,16.68,1,1668,1
13:58:48,16.67,43,71681,-1
13:58:45,16.67,15,25005,-1
13:58:42,16.68,26,43368,1
13:58:27,16.68,2,3336,1
13:58:24,16.67,1,1667,-1
13:58:12,16.67,3,5001,-1
13:58:09,16.68,8,13344,1
13:58:00,16.68,9,15012,1
13:57:57,16.68,2,3336,1
13:57:42,16.67,24,40008,-1
13:57:36,16.67,2,3334,-1
13:57:12,16.68,11,18348,-1
13:57:06,16.68,5,8340,-1
13:57:03,16.68,2,3336,-1
13:57:00,16.69,3,5007,1
13:56:57,16.69,3,5007,1
13:56:54,16.68,4,6672,-1
13:56:51,16.68,2,3336,-1
13:56:42,16.68,17,28356,-1
13:56:39,16.68,5,8340,-1
13:56:30,16.69,0,0,1
13:56:27,16.69,11,18359,1
13:56:24,16.67,12,20004,-1
13:56:15,16.68,2,3336,1
13:56:12,16.67,24,40008,-1
13:56:03,16.67,15,25005,-1
13:55:57,16.68,1,1668,1
13:55:51,16.67,61,101687,-1
13:55:45,16.67,2,3334,-1
13:55:42,16.68,16,26688,-1
13:55:39,16.68,10,16680,-1
13:55:33,16.67,0,0,-1
13:55:27,16.67,106,176702,-1
13:55:24,16.67,2,3334,-1
13:55:15,16.67,11,18337,-1
13:55:00,16.68,0,0,1
13:54:56,16.68,28,46704,1
13:54:53,16.66,2,3332,-1
13:54:51,16.67,5,8335,1
13:54:47,16.66,28,46648,-1
13:54:44,16.66,2,3332,-1
13:54:38,16.66,100,166600,-1
13:54:32,16.66,119,198254,-1
13:54:20,16.67,17,28339,-1
13:54:17,16.67,200,333400,-1
13:54:11,16.67,3,5001,-1
13:54:08,16.68,4,6672,1
13:54:02,16.67,128,213376,-1
13:53:56,16.68,30,50040,1
13:53:47,16.68,108,180144,-1
13:53:26,16.68,12,20016,-1
13:53:20,16.68,1,1668,-1
13:53:14,16.68,62,103416,-1
13:53:05,16.68,55,91740,1
13:52:59,16.68,11,18348,1
13:52:56,16.68,1,1668,1
13:52:50,16.68,15,25020,1
13:52:47,16.68,5,8340,-1
13:52:44,16.69,3,5007,1
13:52:41,16.68,107,178476,-1
13:52:35,16.68,7,11676,-1
13:52:26,16.68,32,53376,-1
13:52:23,16.68,5,8340,-1
13:52:14,16.69,2,3338,1
13:52:08,16.68,130,216840,-1
13:52:02,16.68,20,33360,-1
13:51:53,16.68,2,3336,-1
13:51:47,16.69,69,115161,-1
13:51:38,16.7,304,507680,1
13:51:26,16.69,29,48401,-1
13:51:02,16.69,15,25035,-1
13:50:56,16.7,13,21710,1
13:50:53,16.7,3,5010,1
13:50:50,16.69,39,65091,-1
13:50:47,16.7,11,18370,1
13:50:44,16.7,5,8350,1
13:50:38,16.7,1,1670,1
13:50:35,16.7,20,33400,1
13:50:32,16.7,43,71810,-1
13:50:26,16.71,21,35091,1
13:50:17,16.7,10,16700,-1
13:50:14,16.7,4,6680,-1
13:50:11,16.71,2,3342,1
13:50:05,16.71,0,0,1
13:50:02,16.71,600,1002600,1
13:49:56,16.7,16,26720,1
13:49:53,16.69,2,3338,-1
13:49:47,16.7,205,342350,1
13:49:41,16.7,1,1670,1
13:49:26,16.7,36,60120,1
13:49:23,16.69,99,165231,1
13:49:20,16.68,5,8340,-1
13:49:11,16.68,42,70056,1
13:49:05,16.67,128,213376,-1
13:49:02,16.67,2,3334,-1
13:48:59,16.68,15,25020,1
13:48:53,16.68,15,25020,1
13:48:44,16.67,2,3334,-1
13:48:41,16.67,41,68347,-1
13:48:38,16.67,1,1667,-1
13:48:35,16.68,20,33360,1
13:48:29,16.68,20,33360,-1
13:48:26,16.69,31,51739,1
13:48:17,16.68,10,16680,1
13:48:11,16.67,15,25005,-1
13:48:08,16.68,0,0,1
13:47:59,16.68,24,40032,1
13:47:53,16.67,10,16670,1
13:47:50,16.66,5,8896,-1
13:47:47,16.66,164,273224,-1
13:47:44,16.67,262,436754,1
13:47:41,16.67,1,1667,1
13:47:35,16.67,4,6668,1
13:47:29,16.66,3,4998,-1
13:47:23,16.66,3,4998,-1
13:47:20,16.67,10,16670,1
13:47:14,16.66,31,51646,-1
13:47:08,16.66,23,38318,1
13:47:05,16.66,23,38318,1
13:47:02,16.66,474,789684,1
13:46:56,16.66,9,14994,1
13:46:53,16.66,5,8330,1
13:46:47,16.66,2,3332,1
13:46:44,16.66,5,8330,1
13:46:41,16.66,51,84966,-1
13:46:38,16.67,20,33340,1
13:46:35,16.67,42,70014,1
13:46:32,16.66,128,213248,-1
13:46:29,16.66,17,28322,-1
13:46:26,16.66,28,46648,-1
13:46:23,16.67,5,8335,1
13:46:20,16.66,6,9996,-1
13:46:11,16.67,17,28339,1
13:46:05,16.67,11,18337,1
13:46:02,16.67,7,11669,1
13:45:59,16.66,1,1666,-1
13:45:53,16.67,1,1667,1
13:45:47,16.67,260,433420,-1
13:45:38,16.67,50,83350,-1
13:45:35,16.68,5,8340,1
13:45:32,16.67,8,13336,-1
13:45:26,16.68,10,16680,1
13:45:23,16.67,14,23338,-1
13:45:20,16.67,3,5001,-1
13:45:17,16.68,2,3336,1
13:45:11,16.67,24,40008,-1
13:45:05,16.68,50,83400,1
13:44:59,16.67,20,33340,-1
13:44:56,16.68,1,1668,1
13:44:50,16.68,2,3336,1
13:44:46,16.67,117,195039,-1
13:44:37,16.68,2,3336,1
13:44:32,16.67,4,6668,-1
13:44:29,16.67,21,35007,-1
13:44:22,16.67,10,16670,-1
13:44:18,16.67,10,16670,-1
13:44:12,16.68,49,81732,1
13:44:04,16.67,52,86684,-1
13:43:57,16.69,200,333800,1
13:43:51,16.66,10,16660,-1
13:43:48,16.66,0,0,-1
13:43:43,16.66,15,24990,-1
13:43:36,16.69,0,0,1
13:43:33,16.69,277,462313,1
13:43:30,16.66,65,108290,-1
13:43:27,16.66,25,41650,-1
13:43:18,16.66,1,1666,-1
13:43:15,16.65,0,0,-1
13:43:09,16.65,80,133200,-1
13:43:03,16.65,20,33300,-1
13:43:00,16.69,3,5007,1
13:42:57,16.69,61,101809,1
13:42:54,16.69,0,0,1
13:42:51,16.69,0,0,1
13:42:48,16.69,2,3338,1
13:42:45,16.69,4,6676,1
13:42:30,16.7,0,0,1
13:42:27,16.7,181,302270,1
13:42:24,16.65,10,16650,1
13:42:21,16.63,50,83150,-1
13:42:15,16.65,33,54944,1
13:42:12,16.63,33,54879,1
13:42:09,16.63,234,389142,1
13:42:06,16.63,147,244460,1
13:42:03,16.63,89,148007,1
13:42:00,16.63,10,16630,1
13:41:57,16.63,101,167963,1
13:41:54,16.63,155,257764,1
13:41:51,16.63,67,111421,1
13:41:48,16.63,144,239472,1
13:41:45,16.63,165,274395,1
13:41:42,16.63,1,1663,1
13:41:39,16.63,50,83150,1
13:41:36,16.63,224,372512,1
13:41:33,16.63,2102,3495626,-1
13:41:27,16.68,17,28356,1
13:41:21,16.68,5,8340,1
13:41:18,16.68,1,1668,1
13:41:09,16.68,0,0,1
13:41:06,16.68,68,113424,-1
13:40:57,16.69,544,907936,1
13:40:54,16.69,202,337138,1
13:40:51,16.67,120,200040,-1
13:40:48,16.68,1,1668,1
13:40:45,16.68,11,18348,-1
13:40:42,16.68,11,18348,-1
13:40:39,16.69,2,3338,1
13:40:36,16.68,6,10008,-1
13:40:33,16.69,56,93464,1
13:40:30,16.67,215,358405,-1
13:40:27,16.69,5,8345,1
13:40:24,16.68,2,3336,-1
13:40:21,16.69,19,31711,1
13:40:18,16.69,1,1669,1
13:40:15,16.68,19,31692,-1
13:40:09,16.69,9,15021,1
13:40:06,16.69,18,30042,1
13:40:03,16.68,150,250200,-1
13:40:00,16.69,11,18359,1
13:39:57,16.69,8,13352,1
13:39:54,16.69,8,13352,1
13:39:51,16.69,10,16690,-1
13:39:48,16.69,8,13352,-1
13:39:45,16.7,1,1670,1
13:39:42,16.69,18,30042,-1
13:39:33,16.69,8,13352,0
13:39:30,16.7,1,1670,1
13:39:27,16.68,40,66720,-1
13:39:24,16.69,6,10014,1
13:39:21,16.68,22,36696,-1
13:39:18,16.69,1,1669,1
13:39:15,16.69,1,1669,1
13:39:12,16.68,30,50040,-1
13:39:09,16.68,21,35028,-1
13:39:06,16.69,45,75105,1
13:39:03,16.68,80,133440,-1
13:39:00,16.69,1,1669,1
13:38:57,16.68,32,53376,-1
13:38:54,16.69,32,53408,1
13:38:51,16.69,92,153548,-1
13:38:48,16.69,2,3338,-1
13:38:45,16.7,1,1670,1
13:38:42,16.7,10,16700,1
13:38:36,16.69,6,10014,1
13:38:33,16.69,26,43394,-1
13:38:30,16.69,27,45063,-1
13:38:27,16.7,34,56780,1
13:38:24,16.7,5,8350,1
13:38:21,16.7,1,1670,1
13:38:15,16.69,5,8345,-1
13:38:12,16.7,17,28390,1
13:38:06,16.7,1,1670,1
13:38:03,16.7,10,16700,1
13:38:00,16.7,1,1670,1
13:37:57,16.7,28,46760,1
13:37:54,16.7,5,8350,1
13:37:51,16.68,188,313584,-1
13:37:48,16.7,1,1670,1
13:37:45,16.69,9,15021,0
13:37:42,16.68,6,10008,-1
13:37:39,16.68,13,21684,-1
13:37:36,16.7,30,50100,1
13:37:30,16.69,6,10014,1
13:37:27,16.69,198,330462,-1
13:37:24,16.69,53,88457,-1
13:37:18,16.71,4,6684,1
13:37:15,16.69,239,398891,-1
13:37:12,16.7,6,10020,1
13:37:09,16.69,3,5007,-1
13:37:00,16.7,21,35070,-1
13:36:57,16.7,130,217100,-1
13:36:54,16.69,19,31711,1
13:36:51,16.68,263,438684,-1
13:36:48,16.7,1,1670,1
13:36:45,16.7,21,35070,1
13:36:42,16.68,45,75060,-1
13:36:39,16.7,1,1670,1
13:36:36,16.68,10,16680,-1
13:36:33,16.7,1,1670,1
13:36:30,16.68,28,46704,-1
13:36:27,16.69,79,131851,1
13:36:18,16.69,11,18359,1
13:36:15,16.69,1,1669,1
13:36:12,16.69,30,50070,1
13:36:09,16.69,62,103478,-1
13:36:06,16.7,1,1670,1
13:36:03,16.7,22,36740,1
13:36:00,16.71,46,76866,1
13:35:57,16.7,1495,2496650,-1
13:35:54,16.71,19,31749,1
13:35:51,16.71,607,1014297,-1
13:35:48,16.71,188,314148,-1
13:35:42,16.72,3,5016,1
13:35:39,16.72,44,73568,1
13:35:36,16.72,13,21736,1
13:35:33,16.72,347,580184,-1
13:35:27,16.73,9,15057,1
13:35:21,16.73,68,113764,1
13:35:18,16.73,10,16730,1
13:35:15,16.73,6,10038,1
13:35:12,16.73,8,13384,1
13:35:09,16.73,2,3346,1
13:35:06,16.73,30,50190,1
13:34:54,16.73,10,16730,1
13:34:51,16.73,5,8365,1
13:34:48,16.73,149,249277,-1
13:34:45,16.74,5,8370,1
13:34:36,16.75,0,0,1
13:34:27,16.75,25,41875,1
13:34:24,16.73,35,58555,-1
13:34:21,16.74,6,10043,-1
13:34:18,16.74,9,15065,1
13:34:15,16.73,1,1673,-1
13:34:12,16.74,7,11717,1
13:33:53,16.74,4,6695,1
13:33:50,16.74,3,5021,1
13:33:44,16.74,102,170747,-1
13:33:32,16.75,1,1675,1
13:33:30,16.75,2,3350,1
13:33:26,16.75,24,40200,1
13:33:21,16.75,7,11725,1
13:33:14,16.75,1,1675,1
13:33:11,16.74,2,3347,-1
13:32:59,16.73,3,5019,-1
13:32:47,16.75,5,8375,1
13:32:44,16.74,187,313037,-1
13:32:38,16.75,1,1675,1
13:32:35,16.75,7,11725,1
13:32:32,16.75,69,115575,1
13:32:29,16.75,6,10050,1
13:32:26,16.74,40,66960,-1
13:32:05,16.75,5,8375,1
13:31:59,16.75,100,167500,-1
13:31:56,16.76,6,10056,1
13:31:50,16.75,7,11725,-1
13:31:47,16.76,5,8380,1
13:31:44,16.75,188,314900,-1
13:31:38,16.76,1,1676,1
13:31:35,16.76,7,11732,-1
13:31:32,16.78,26,43628,1
13:31:29,16.78,1,1678,1
13:31:26,16.78,10,16780,1
13:31:23,16.76,33,55308,-1
13:31:17,16.78,1,1678,1
13:31:14,16.78,36,60408,1
13:31:08,16.78,1,1678,1
13:30:56,16.76,6,10056,-1
13:30:47,16.78,6,10068,1
13:30:44,16.77,9,15093,1
13:30:41,16.75,190,318250,-1
13:30:38,16.76,1,1676,1
13:30:35,16.75,8,13400,-1
13:30:29,16.75,1,1675,-1
13:30:26,16.75,8,13400,-1
13:30:23,16.75,10,16750,-1
13:30:14,16.75,10,16750,-1
13:30:11,16.75,3,5025,-1
13:30:08,16.76,0,0,0
13:30:05,16.76,2,3352,-1
13:30:02,16.77,3,5031,1
13:29:56,16.77,3,5031,1
13:29:53,16.75,7,11725,-1
13:29:41,16.77,1,1677,0
13:29:38,16.75,23,38525,-1
13:29:26,16.78,6,10068,1
13:29:23,16.77,9,15093,1
13:29:17,16.77,2,3354,1
13:29:14,16.77,11,18447,1
13:29:11,16.75,14,23450,-1
13:29:05,16.75,2,3350,-1
13:28:56,16.75,4,6700,-1
13:28:53,16.76,1,1676,1
13:28:50,16.76,26,43576,1
13:28:47,16.75,28,46900,-1
13:28:44,16.76,8,13408,1
13:28:41,16.76,32,53632,-1
13:28:26,16.77,1,1677,1
13:28:14,16.77,7,11739,-1
13:28:05,16.78,8,13424,1
13:28:02,16.76,188,315088,-1
13:27:53,16.78,3,5034,1
13:27:44,16.78,1,1678,1
13:27:41,16.78,2,3356,1
13:27:38,16.78,12,20136,-1
13:27:23,16.78,4,6712,-1
13:27:14,16.78,6,10068,-1
13:27:11,16.78,1,1678,-1
13:26:56,16.79,2,3358,1
13:26:47,16.79,0,0,1
13:26:38,16.79,7,11753,-1
13:26:32,16.79,1,1679,-1
13:26:29,16.8,1,1680,1
13:26:26,16.8,3,5040,1
13:26:20,16.8,1,1680,1
13:26:17,16.8,3,5040,1
13:26:14,16.77,10,16770,-1
13:26:08,16.77,1,1677,1
13:26:05,16.76,50,83800,-1
13:26:02,16.77,2,3354,1
13:25:59,16.77,3,5031,1
13:25:41,16.77,3,5031,1
13:25:38,16.77,37,62049,-1
13:25:35,16.8,0,0,1
13:25:32,16.8,1,1680,1
13:25:29,16.77,33,55341,-1
13:25:26,16.8,2,3360,1
13:25:23,16.78,7,11746,1
13:25:20,16.77,25,41925,-1
13:24:56,16.78,2,3356,1
13:24:47,16.77,1,1677,-1
13:24:38,16.78,1,1678,1
13:24:35,16.78,21,35238,-1
13:24:29,16.8,1,1680,1
13:24:26,16.8,19,31920,1
13:24:23,16.81,0,0,1
13:24:14,16.81,8,13447,1
13:24:05,16.81,1,1680,1
13:24:02,16.81,4,6723,1
13:23:59,16.81,55,92455,1
13:23:56,16.8,0,0,0
13:23:44,16.8,0,0,1
13:23:40,16.8,1,1680,1
13:23:38,16.8,17,28560,-1
13:23:35,16.8,198,332640,-1
13:23:28,16.8,18,30240,1
13:23:22,16.77,8,13416,-1
13:22:51,16.78,6,10068,1
13:22:48,16.78,9,15102,1
13:22:45,16.78,4,6712,1
13:22:42,16.78,100,167800,1
13:22:39,16.78,5,8390,1
13:22:36,16.78,4,6712,-1
13:22:30,16.8,6,10080,1
13:22:27,16.8,3,5040,1
13:22:24,16.78,3,5034,-1
13:22:18,16.8,2,3360,1
13:22:12,16.78,37,62086,-1
13:22:06,16.79,0,0,1
13:21:57,16.79,2,3358,1
13:21:54,16.78,38,63764,-1
13:21:48,16.79,2,3358,1
13:21:45,16.79,7,11753,1
13:21:39,16.79,2,3358,1
13:21:36,16.79,1,1679,1
13:21:33,16.79,19,31901,-1
13:21:30,16.79,2,3358,-1
13:21:27,16.81,8,13447,1
13:21:21,16.8,1,1680,1
13:21:18,16.8,6,10080,1
13:21:15,16.8,7,11760,1
13:21:12,16.79,63,105777,-1
13:21:09,16.8,2,3360,1
13:21:06,16.8,1,1680,1
13:21:03,16.8,11,18480,1
13:21:00,16.8,35,58800,1
13:20:57,16.8,1,1680,1
13:20:51,16.8,11,18480,1
13:20:48,16.8,1,1680,1
13:20:45,16.8,3,5040,1
13:20:42,16.8,1,1680,1
13:20:39,16.8,70,117600,1
13:20:33,16.8,5,8400,1
13:20:30,16.8,23,38640,-1
13:20:27,16.81,11,18491,1
13:20:21,16.8,8,13440,-1
13:20:18,16.8,2,3360,-1
13:20:12,16.81,9,15128,1
13:20:09,16.81,2,3361,1
13:20:06,16.8,17,28560,1
13:20:03,16.79,3,5037,-1
13:19:57,16.8,8,13440,1
13:19:54,16.8,1,1680,1
13:19:51,16.8,1,1680,1
13:19:48,16.8,10,16800,1
13:19:42,16.8,5,8400,1
13:19:39,16.8,1,1680,1
13:19:36,16.8,14,23520,1
13:19:33,16.8,24,40320,-1
13:19:30,16.81,8,13447,1
13:19:27,16.8,26,43680,-1
13:19:24,16.81,20,33620,1
13:19:21,16.8,10,16800,-1
13:19:18,16.8,27,45360,-1
13:19:15,16.81,19,31938,1
13:19:12,16.8,72,120960,1
13:19:09,16.8,11,18480,1
13:19:06,16.8,26,43680,1
13:19:03,16.8,66,110880,1
13:19:00,16.8,34,57120,1
13:18:57,16.8,1,1680,1
13:18:48,16.78,28,46984,1
13:18:45,16.78,12,20136,1
13:18:42,16.77,44,73788,-1
13:18:39,16.78,24,40272,1
13:18:36,16.78,53,88934,1
13:18:33,16.78,21,35238,1
13:18:30,16.78,29,48662,-1
13:18:27,16.79,36,60444,1
13:18:24,16.78,234,392652,1
13:18:21,16.77,6,10062,1
13:18:18,16.77,2,3354,1
13:18:15,16.77,9,15093,1
13:18:12,16.76,21,35196,1
13:18:09,16.76,1,1676,1
13:18:06,16.76,1,1676,1
13:18:03,16.76,27,45252,0
13:18:00,16.76,0,0,1
13:17:48,16.76,5,8380,1
13:17:36,16.76,1,1676,1
13:17:30,16.76,16,26816,-1
13:17:27,16.77,3,5031,1
13:17:12,16.76,15,25140,-1
13:17:09,16.77,2,3354,1
13:17:03,16.77,30,50310,0
13:17:00,16.76,0,0,-1
13:16:54,16.76,7,11732,-1
13:16:51,16.77,1,1677,1
13:16:48,16.76,51,85476,-1
13:16:39,16.77,4,6708,1
13:16:36,16.77,2,3354,1
13:16:30,16.77,41,68757,-1
13:16:27,16.78,6,10068,1
13:16:24,16.77,10,16770,-1
13:16:12,16.77,3,5031,-1
13:16:09,16.77,11,18447,1
13:15:51,16.76,1,1676,0
13:15:48,16.76,5,8380,1
13:15:45,16.76,18,30168,-1
13:15:39,16.77,5,8385,1
13:15:36,16.77,13,21801,1
13:15:33,16.77,1,1677,1
13:15:30,16.77,1,1677,1
13:15:27,16.77,53,88881,-1
13:15:21,16.77,4,6708,1
13:15:15,16.77,0,0,1
13:15:00,16.77,1,1677,1
13:14:57,16.76,8,13408,1
13:14:54,16.75,1,1675,-1
13:14:51,16.76,50,83800,1
13:14:48,16.75,3,5025,-1
13:14:39,16.75,10,16750,-1
13:14:36,16.76,2,3352,1
13:14:33,16.75,2,3350,-1
13:14:30,16.76,5,8380,1
13:14:27,16.76,16,26816,0
13:14:24,16.75,17,28475,-1
13:14:15,16.76,2,3352,1
13:14:12,16.75,28,46900,1
13:14:03,16.75,10,16750,1
13:14:00,16.74,12,20087,-1
13:13:57,16.75,20,33500,1
13:13:54,16.74,5,8370,-1
13:13:36,16.74,2,3347,-1
13:13:33,16.75,3,5025,1
13:13:30,16.75,48,80400,1
13:13:27,16.74,173,289602,-1
13:13:15,16.75,5,8375,1
13:13:12,16.75,15,25125,1
13:13:06,16.75,0,0,1
13:13:03,16.75,2,3350,1
13:13:00,16.75,7,11725,1
13:12:57,16.75,8,13400,1
13:12:54,16.75,125,209375,1
13:12:48,16.75,8,13400,1
13:12:45,16.75,186,311550,1
13:12:42,16.74,20,33480,-1
13:12:39,16.75,6,10050,1
13:12:29,16.75,1,1675,1
13:12:27,16.75,4,6700,1
13:12:23,16.75,103,172525,-1
13:12:21,16.76,41,68716,1
13:12:18,16.76,2,3352,1
13:12:15,16.76,16,26816,1
13:12:09,16.76,2,3352,1
13:12:05,16.76,31,51956,1
13:11:56,16.76,2,3352,1
13:11:47,16.77,0,0,1
13:11:38,16.77,1,1677,1
13:11:35,16.75,8,13400,-1
13:11:23,16.77,13,21801,-1
13:11:17,16.78,2,3356,1
13:11:05,16.78,2,3356,1
13:11:02,16.77,22,36894,1
13:10:56,16.77,12,20124,1
13:10:47,16.75,2,3350,-1
13:10:44,16.77,1,1677,1
13:10:41,16.77,3,5031,1
13:10:29,16.77,2,3354,1
13:10:26,16.77,15,25155,1
13:10:23,16.77,7,11739,1
13:10:20,16.77,157,263289,-1
13:10:17,16.78,2,3356,1
13:10:14,16.78,12,20136,1
13:10:05,16.78,1,1678,1
13:10:02,16.78,2,3356,1
13:09:59,16.78,1,1678,1
13:09:56,16.78,14,23492,1
13:09:53,16.77,5,8385,1
13:09:50,16.74,141,236033,-1
13:09:35,16.74,0,0,-1
13:09:29,16.74,5,8370,-1
13:09:20,16.77,2,3354,-1
13:09:08,16.78,2,3356,1
13:09:05,16.78,6,10068,1
13:09:02,16.77,101,169377,1
13:08:59,16.73,83,138859,-1
13:08:56,16.74,4,6695,1
13:08:50,16.73,1,1673,-1
13:08:41,16.74,2,3347,1
13:08:38,16.74,15,25109,1
13:08:32,16.74,13,21761,1
13:08:29,16.74,67,112157,-1
13:08:26,16.75,3,5025,1
13:08:23,16.75,46,77050,1
13:08:20,16.75,5,8375,-1
13:08:11,16.75,0,0,-1
13:08:05,16.75,3,5025,1
13:08:02,16.75,37,61975,-1
13:07:59,16.75,5,8375,-1
13:07:56,16.79,5,8395,1
13:07:53,16.77,14,23478,1
13:07:47,16.75,2,3350,-1
13:07:41,16.77,6,10062,1
13:07:38,16.77,38,63726,-1
13:07:23,16.78,7,11746,1
13:07:20,16.78,143,239954,-1
13:07:17,16.8,1,1680,1
13:07:14,16.8,24,40320,1
13:07:11,16.8,16,26880,1
13:06:59,16.78,10,16780,-1
13:06:56,16.8,4,6720,1
13:06:50,16.78,7,11746,0
13:06:44,16.79,1,1679,1
13:06:41,16.77,6,10062,-1
13:06:29,16.77,18,30186,-1
13:06:17,16.79,8,13432,-1
13:06:14,16.8,6,10080,1
13:06:11,16.79,2,3358,-1
13:06:05,16.8,1,1680,1
13:06:02,16.78,31,52018,1
13:05:59,16.77,8,13416,-1
13:05:50,16.77,2,3354,-1
13:05:41,16.78,10,16780,-1
13:05:38,16.8,1,1680,1
13:05:35,16.79,25,41975,-1
13:05:20,16.8,9,15120,1
13:05:17,16.8,158,265440,-1
13:04:56,16.81,11,18491,1
13:04:50,16.8,3,5040,-1
13:04:47,16.81,1,1680,1
13:04:44,16.81,9,15128,1
13:04:35,16.81,1,1680,1
13:04:32,16.81,20,33620,1
13:04:29,16.81,2,3361,1
13:04:26,16.81,13,21853,1
13:04:20,16.81,6,10086,1
13:04:17,16.8,95,159600,1
13:04:14,16.8,95,159600,-1
13:04:11,16.81,5,8405,1
13:04:08,16.8,63,105840,1
13:04:05,16.78,10,16780,-1
13:03:50,16.79,11,18469,-1
13:03:47,16.79,5,8395,-1
13:03:35,16.8,2,3360,1
13:03:32,16.8,11,18480,-1
13:03:29,16.81,8,13447,1
13:03:26,16.8,187,314160,-1
13:03:23,16.81,7,11767,1
13:03:20,16.81,25,42025,1
13:03:17,16.8,2,3360,-1
13:03:14,16.81,10,16810,-1
13:03:11,16.81,10,16810,-1
13:02:59,16.82,1,1682,1
13:02:56,16.82,23,38686,1
13:02:53,16.81,2,3361,-1
13:02:47,16.81,3,5043,1
13:02:43,16.81,4,6723,1
13:02:40,16.8,50,84000,-1
13:02:34,16.81,1,1680,-1
13:02:31,16.81,9,15128,-1
13:02:27,16.83,1,1682,1
13:02:25,16.83,14,23561,1
13:02:23,16.82,2,3364,-1
13:02:17,16.82,13,21866,1
13:02:13,16.82,307,516374,1
13:02:11,16.82,2,3364,1
13:02:07,16.82,10,16820,1
13:02:02,16.81,59,99178,0
13:01:55,16.82,34,57188,1
13:01:51,16.81,4,6723,1
13:01:50,16.81,25,42025,1
13:01:45,16.81,2,3361,1
13:01:42,16.8,124,208320,1
13:01:37,16.8,1,1680,1
13:01:30,16.79,32,53728,-1
13:01:26,16.79,30,50370,-1
13:01:21,16.8,8,13440,1
13:01:18,16.79,202,339158,-1
13:01:15,16.79,196,329084,-1
13:01:12,16.8,2,3360,1
13:01:09,16.79,160,268640,1
13:01:03,16.77,23,38571,-1
13:00:57,16.79,26,43654,1
13:00:54,16.79,3,5037,1
13:00:48,16.78,60,100680,1
13:00:42,16.78,25,41950,1
13:00:39,16.78,5,8390,1
13:00:30,16.78,2,3356,1
13:00:27,16.78,8,13424,1
13:00:24,16.73,38,63574,-1
13:00:21,16.78,142,238276,1
13:00:18,16.75,6,10050,1
13:00:15,16.75,1,1675,1
13:00:12,16.75,125,209375,1
13:00:08,16.75,216,361800,-1
13:00:03,16.75,149,249575,-1
11:30:00,16.77,0,0,1
11:30:00,16.77,0,0,1
11:29:57,16.77,18,30186,1
11:29:51,16.77,5,8385,1
11:29:48,16.77,1,1677,1
11:29:45,16.77,33,55341,-1
11:29:39,16.75,0,0,-1
11:29:27,16.75,26,43550,-1
11:29:21,16.77,2,3354,1
11:29:18,16.77,13,21801,1
11:29:15,16.75,50,83750,1
11:29:12,16.75,138,231150,-1
11:29:09,16.76,7,11732,1
11:29:06,16.75,235,393625,1
11:29:03,16.72,12,20064,1
11:29:00,16.72,23,38456,-1
11:28:57,16.73,10,16730,1
11:28:51,16.72,3,5016,1
11:28:47,16.71,59,98589,-1
11:28:45,16.72,1,1672,1
11:28:42,16.72,1,1672,1
11:28:36,16.71,2,3342,-1
11:28:21,16.72,1,1672,1
11:28:18,16.72,26,43472,1
11:28:15,16.72,3,5016,1
11:28:12,16.72,83,138776,-1
11:28:09,16.73,1,1673,1
11:28:06,16.72,6,10032,-1
11:28:02,16.72,3,5016,-1
11:28:00,16.73,16,26768,1
11:27:57,16.73,20,33460,1
11:27:48,16.72,9,15047,-1
11:27:41,16.72,1,1672,-1
11:27:39,16.73,6,10038,1
11:27:36,16.72,10,16720,1
11:27:33,16.72,8,13376,-1
11:27:30,16.71,0,0,-1
11:27:27,16.71,9,15039,-1
11:27:21,16.72,5,8360,1
11:27:18,16.72,1,1672,1
11:27:15,16.72,23,38456,-1
11:27:12,16.73,10,16730,1
11:27:09,16.71,190,317490,-1
11:27:06,16.72,42,70224,1
11:27:00,16.72,2,3344,1
11:26:57,16.72,39,65207,1
11:26:54,16.72,7,11704,1
11:26:50,16.71,42,70182,-1
11:26:48,16.72,1,1672,1
11:26:36,16.72,4,6688,1
11:26:32,16.71,20,33420,-1
11:26:30,16.72,30,50160,1
11:26:27,16.72,21,35112,1
11:26:20,16.72,10,16720,1
11:26:18,16.72,2,3344,1
11:26:15,16.72,5,8360,1
11:26:12,16.72,122,203984,1
11:26:09,16.72,191,319352,1
11:26:06,16.72,53,88616,1
11:26:02,16.72,81,135432,1
11:26:00,16.72,1,1672,1
11:25:57,16.71,41,68511,-1
11:25:54,16.71,200,334200,-1
11:25:48,16.72,2,3344,1
11:25:45,16.72,13,21736,1
11:25:38,16.72,2,3344,1
11:25:36,16.71,46,76866,-1
11:25:33,16.72,1,1672,1
11:25:30,16.72,15,25080,1
11:25:27,16.72,18,30095,1
11:25:24,16.71,17,28407,-1
11:25:21,16.71,19,31749,-1
11:25:15,16.72,4,6688,1
11:25:12,16.72,18,30095,1
11:25:09,16.71,188,314148,-1
11:25:06,16.72,6,10032,1
11:25:03,16.72,6,10032,1
11:25:00,16.72,15,25080,1
11:24:57,16.72,65,108679,1
11:24:54,16.72,52,86944,1
11:24:51,16.71,25,41775,-1
11:24:47,16.72,2,3344,1
11:24:45,16.71,5,8355,-1
11:24:41,16.72,1,1672,1
11:24:39,16.72,1,1672,1
11:24:36,16.72,10,16720,1
11:24:32,16.72,190,317680,-1
11:24:27,16.74,13,21761,1
11:24:24,16.72,32,53504,-1
11:24:18,16.73,1,1673,1
11:24:15,16.72,9,15047,-1
11:24:11,16.73,18,30114,1
11:24:09,16.73,10,16730,1
11:24:06,16.72,188,314336,-1
11:23:59,16.73,4,6692,1
11:23:56,16.73,24,40152,1
11:23:54,16.73,40,66920,1
11:23:48,16.73,11,18403,1
11:23:44,16.73,2,3346,1
11:23:39,16.73,20,33460,1
11:23:36,16.73,2,3346,1
11:23:33,16.72,25,41800,-1
11:23:30,16.73,3,5019,1
11:23:26,16.73,61,102053,1
11:23:21,16.73,5,8365,1
11:23:17,16.73,86,143878,1
11:23:12,16.73,5,8365,1
11:23:08,16.73,71,118783,1
11:23:06,16.73,49,81977,-1
11:23:02,16.73,85,142205,-1
11:22:56,16.73,10,16730,-1
11:22:51,16.74,7,11717,1
11:22:47,16.75,10,16750,1
11:22:45,16.73,2,3346,-1
11:22:38,16.75,8,13400,1
11:22:35,16.75,182,304850,1
11:22:32,16.74,13,21761,-1
11:22:29,16.75,16,26800,1
11:22:26,16.74,252,421847,-1
11:22:05,16.75,15,25125,1
11:22:02,16.75,12,20100,-1
11:22:00,16.75,18,30150,-1
11:21:57,16.77,7,11739,1
11:21:53,16.77,0,0,1
11:21:50,16.77,2,3354,1
11:21:47,16.75,2,3350,0
11:21:44,16.77,15,25155,1
11:21:41,16.75,9,15075,1
11:21:35,16.75,1,1675,1
11:21:33,16.75,9,15075,1
11:21:29,16.75,79,132325,1
11:21:26,16.74,15,25109,-1
11:21:21,16.75,3,5025,1
11:21:17,16.74,50,83699,-1
11:21:05,16.75,3,5025,1
11:21:02,16.75,53,88775,-1
11:20:59,16.75,40,67000,-1
11:20:53,16.75,10,16750,1
11:20:50,16.75,9,15075,1
11:20:47,16.74,5,8370,-1
11:20:41,16.75,3,5025,1
11:20:38,16.75,68,113900,-1
11:20:35,16.75,5,8375,-1
11:20:26,16.76,8,13408,1
11:20:23,16.75,102,170850,-1
11:20:20,16.76,21,35196,1
11:20:17,16.76,4,6704,1
11:20:14,16.75,5,8375,-1
11:20:05,16.76,1,1676,1
11:20:02,16.76,31,51956,-1
11:19:59,16.77,2,3354,1
11:19:56,16.77,18,30186,1
11:19:53,16.77,0,0,1
11:19:50,16.77,1,1677,-1
11:19:44,16.78,1,1678,1
11:19:41,16.75,32,53600,-1
11:19:38,16.78,1,1678,1
11:19:35,16.78,36,60408,1
11:19:26,16.78,2,3356,1
11:19:11,16.78,21,35238,1
11:19:08,16.76,4,6704,1
11:19:05,16.75,12,20100,-1
11:19:02,16.75,188,314900,-1
11:18:59,16.75,1,1675,-1
11:18:56,16.76,19,31844,1
11:18:50,16.75,1,1675,-1
11:18:47,16.75,3,5025,-1
11:18:41,16.76,2,3352,1
11:18:38,16.76,2,3352,1
11:18:35,16.75,10,16750,-1
11:18:29,16.77,12,20124,-1
11:18:26,16.79,51,85629,1
11:18:23,16.76,1,1676,-1
11:18:20,16.75,4,6700,-1
11:18:17,16.75,2,3350,-1
11:18:14,16.75,26,43550,-1
11:18:11,16.78,3,5034,1
11:18:08,16.75,75,125625,-1
11:18:05,16.75,26,43550,1
11:18:02,16.75,27,45225,1
11:17:59,16.75,135,226125,-1
11:17:53,16.76,0,0,1
11:17:50,16.76,8,13408,0
11:17:47,16.75,3,5025,-1
11:17:44,16.79,6,10074,1
11:17:41,16.75,180,301500,1
11:17:38,16.75,718,1202650,-1
11:17:32,16.77,2,3354,1
11:17:29,16.77,2,3354,1
11:17:26,16.76,22,36872,-1
11:17:23,16.77,3,5031,1
11:17:20,16.77,64,107328,1
11:17:17,16.76,100,167600,-1
11:17:14,16.77,3,5031,1
11:17:11,16.77,1,1677,1
11:17:08,16.76,9,15084,-1
11:17:05,16.77,3,5031,1
11:17:02,16.77,11,18447,1
11:16:59,16.77,51,85527,-1
11:16:56,16.79,8,13432,1
11:16:50,16.79,4,6716,1
11:16:47,16.79,10,16790,0
11:16:44,16.77,101,169377,-1
11:16:32,16.77,18,30186,1
11:16:26,16.77,4,6708,1
11:16:23,16.77,1,1677,1
11:15:59,16.77,5,8385,1
11:15:56,16.77,112,187824,-1
11:15:53,16.77,4,6708,-1
11:15:50,16.78,2,3356,1
11:15:44,16.78,1,1678,1
11:15:41,16.77,9,15093,-1
11:15:38,16.78,18,30204,1
11:15:35,16.77,4,6708,-1
11:15:26,16.78,1,1678,1
11:15:23,16.78,2,3356,1
11:15:20,16.78,16,26848,1
11:15:14,16.78,2,3356,1
11:15:10,16.78,1,1678,1
11:15:08,16.77,7,11739,-1
11:14:59,16.78,8,13424,1
11:14:56,16.78,160,268480,-1
11:14:44,16.78,1,1678,-1
11:14:38,16.79,0,0,0
11:14:34,16.79,1,1679,-1
11:14:32,16.8,4,6720,1
11:14:28,16.77,108,181116,-1
11:14:25,16.78,33,55374,1
11:14:23,16.77,4,6708,-1
11:14:19,16.78,20,33560,1
11:14:10,16.78,1,1678,1
11:14:07,16.77,2,3354,-1
11:14:01,16.78,3,5034,1
11:13:59,16.78,5,8390,1
11:13:55,16.78,99,166122,-1
11:13:52,16.81,0,0,1
11:13:37,16.81,10,16810,1
11:13:34,16.8,5,8400,-1
11:13:31,16.81,2,3361,1
11:13:28,16.8,48,80640,-1
11:13:25,16.81,11,18491,1
11:13:13,16.8,5,8400,-1
11:13:04,16.81,1,1680,1
11:13:01,16.81,29,48748,1
11:12:58,16.81,31,52110,1
11:12:55,16.81,86,144566,-1
11:12:52,16.83,33,55538,-1
11:12:49,16.84,4,6736,1
11:12:46,16.84,70,117880,1
11:12:43,16.81,0,0,0
11:12:40,16.81,4,6723,1
11:12:37,16.8,36,60480,1
11:12:22,16.8,1,1680,1
11:12:19,16.78,51,85578,1
11:12:16,16.78,2,3356,1
11:12:13,16.76,6,10056,-1
11:12:10,16.78,25,41950,1
11:12:07,16.78,500,839000,1
11:12:04,16.77,3,5031,1
11:12:01,16.77,5,8385,1
11:11:54,16.77,16,26832,1
11:11:52,16.77,143,239811,-1
11:11:49,16.78,2,3356,1
11:11:46,16.77,10,16770,-1
11:11:40,16.78,2,3356,1
11:11:37,16.77,41,68757,1
11:11:34,16.77,14,23478,-1
11:11:29,16.78,1,1678,1
11:11:26,16.78,4,6712,1
11:11:25,16.78,35,58730,1
11:11:22,16.78,3,5034,1
11:11:15,16.77,5,8385,-1
11:11:07,16.78,3,5034,1
11:11:04,16.77,60,100620,-1
11:11:01,16.77,109,182793,-1
11:10:54,16.77,1,1677,-1
11:10:52,16.78,20,33560,1
11:10:45,16.77,17,28509,-1
11:10:35,16.78,7,11746,1
11:10:32,16.78,114,191292,1
11:10:29,16.77,4,6708,-1
11:10:26,16.78,9,15102,1
11:10:24,16.78,3,5034,1
11:10:20,16.78,51,85578,1
11:10:17,16.77,5,8385,-1
11:10:11,16.77,9,15093,-1
11:10:05,16.77,1,1677,-1
11:09:56,16.77,5,8385,-1
11:09:50,16.78,3,5034,1
11:09:47,16.78,25,41950,1
11:09:44,16.78,6,10068,1
11:09:41,16.78,12,20136,1
11:09:38,16.78,56,93968,1
11:09:32,16.78,2,3356,1
11:09:29,16.78,1,1678,1
11:09:26,16.78,6,10068,1
11:09:05,16.77,2,3354,-1
11:09:02,16.78,2,3356,1
11:08:59,16.78,1,1678,1
11:08:56,16.78,26,43628,1
11:08:47,16.78,8,13424,1
11:08:44,16.77,41,68757,-1
11:08:41,16.77,7,11739,-1
11:08:38,16.78,2,3356,1
11:08:35,16.77,7,11739,-1
11:08:29,16.77,1,1677,-1
11:08:26,16.77,15,25155,-1
11:08:23,16.78,4,6712,1
11:08:20,16.78,75,125850,1
11:08:17,16.77,9,15093,-1
11:08:14,16.77,5,8385,-1
11:08:11,16.78,5,8390,1
11:08:05,16.78,13,21814,1
11:08:02,16.78,251,421178,-1
11:07:59,16.81,5,8405,-1
11:07:56,16.83,10,16830,1
11:07:35,16.83,1,1682,1
11:07:32,16.83,29,48806,1
11:07:29,16.83,1,1682,1
11:07:26,16.83,12,20195,1
11:07:11,16.79,11,18469,1
11:07:08,16.79,10,16790,1
11:07:05,16.78,4,6712,-1
11:07:02,16.79,3,5037,1
11:06:59,16.79,19,31901,1
11:06:56,16.78,23,38594,-1
11:06:53,16.78,14,23492,-1
11:06:50,16.79,5,8395,1
11:06:47,16.78,8,13424,-1
11:06:44,16.78,35,58730,-1
11:06:41,16.79,6,10074,1
11:06:35,16.78,12,20136,-1
11:06:32,16.79,5,8395,1
11:06:29,16.79,67,112493,1
11:06:26,16.79,9,15111,1
11:06:23,16.79,2,3358,1
11:06:20,16.79,38,63802,1
11:06:17,16.78,6,10068,-1
11:06:14,16.79,23,38617,1
11:06:11,16.79,5,8395,1
11:06:08,16.79,20,33580,1
11:06:05,16.79,2,3358,1
11:06:02,16.79,7,11753,1
11:05:59,16.79,126,211554,1
11:05:56,16.79,44,73876,1
11:05:41,16.79,6,10074,1
11:05:38,16.78,11,18458,-1
11:05:32,16.79,7,11753,1
11:05:29,16.79,25,41975,1
11:05:26,16.79,6,10074,1
11:05:23,16.79,27,45333,1
11:05:20,16.79,1,1679,1
11:05:17,16.79,10,16790,1
11:05:14,16.79,7,11753,1
11:05:08,16.79,5,8395,1
11:05:05,16.79,99,166221,1
11:05:02,16.79,21,35259,1
11:04:56,16.79,25,41975,1
11:04:53,16.79,391,656489,-1
11:04:47,16.84,1,1684,1
11:04:44,16.81,32,53791,-1
11:04:41,16.84,40,67360,1
11:04:38,16.83,1,1682,1
11:04:35,16.83,4,6731,1
11:04:32,16.83,39,65637,-1
11:04:29,16.84,7,11788,1
11:04:26,16.84,1,1684,1
11:04:23,16.83,25,42074,-1
11:04:14,16.84,8,13472,1
11:04:08,16.84,2,3368,1
11:04:05,16.83,31,52172,-1
11:03:56,16.84,1,1684,1
11:03:53,16.84,7,11788,-1
11:03:44,16.84,0,0,-1
11:03:32,16.84,2,3368,-1
11:03:20,16.84,1,1684,1
11:03:05,16.84,4,6736,-1
11:03:02,16.84,16,26944,-1
11:02:59,16.84,5,8420,-1
11:02:50,16.86,18,30348,1
11:02:44,16.85,1,1685,1
11:02:41,16.85,7,11795,-1
11:02:35,16.85,3,5055,-1
11:02:26,16.86,5,8430,1
11:02:23,16.86,28,47208,1
11:02:20,16.85,10,16850,-1
11:02:08,16.85,3,5055,-1
11:02:05,16.86,2,3372,1
11:02:02,16.85,19,32015,-1
11:01:56,16.86,7,11802,1
11:01:53,16.85,2,3370,-1
11:01:47,16.86,6,10116,1
11:01:44,16.85,131,220735,1
11:01:35,16.85,0,0,1
11:01:29,16.85,2,3370,1
11:01:26,16.83,30,50489,-1
11:01:20,16.84,9,15156,1
11:01:14,16.83,4,6731,1
11:01:08,16.83,2,3365,1
11:01:05,16.83,3,5048,1
11:01:02,16.83,1,1682,-1
11:00:56,16.85,26,43810,1
11:00:41,16.84,1,1684,1
11:00:38,16.83,5,8415,-1
11:00:35,16.83,4,6731,-1
11:00:23,16.83,1,1682,-1
11:00:20,16.83,1,1682,-1
11:00:17,16.85,0,0,1
11:00:11,16.85,13,21905,1
11:00:08,16.85,0,0,1
11:00:05,16.85,4,6740,1
11:00:02,16.84,46,77464,1
10:59:59,16.8,18,30240,1
10:59:56,16.8,354,594720,-1
10:59:53,16.84,5,8420,1
10:59:50,16.8,141,236880,-1
10:59:41,16.84,3,5052,1
10:59:38,16.82,11,18502,-1
10:59:35,16.82,28,47096,-1
10:59:32,16.84,2,3368,1
10:59:29,16.84,1,1684,1
10:59:20,16.84,15,25260,1
10:59:17,16.85,0,0,1
10:59:11,16.85,4,6740,1
10:59:08,16.85,1,1685,1
10:59:05,16.85,16,26960,1
10:59:02,16.8,302,507360,-1
10:58:56,16.84,13,21892,1
10:58:53,16.84,47,79148,1
10:58:50,16.84,2,3368,1
10:58:47,16.83,47,79100,1
10:58:38,16.83,14,23561,1
10:58:29,16.83,1,1682,1
10:58:26,16.83,8,13463,1
10:58:20,16.83,4,6731,1
10:58:17,16.83,80,134640,1
10:58:11,16.83,3,5048,1
10:58:08,16.82,56,94192,-1
10:58:02,16.82,6,10092,-1
10:57:59,16.82,1,1682,-1
10:57:56,16.82,3,5046,-1
10:57:50,16.82,3,5046,1
10:57:47,16.82,123,206886,-1
10:57:41,16.83,1,1682,1
10:57:38,16.83,17,28610,1
10:57:35,16.83,50,84149,1
10:57:32,16.83,8,13463,1
10:57:29,16.83,26,43757,-1
10:57:26,16.84,1,1684,1
10:57:23,16.83,15,25244,-1
10:57:11,16.83,12,20195,-1
10:57:05,16.84,5,8420,1
10:57:02,16.83,20,33660,-1
10:56:59,16.84,2,3368,1
10:56:56,16.84,32,53888,1
10:56:53,16.84,1,1684,1
10:56:50,16.83,31,52172,-1
10:56:47,16.84,3,5052,1
10:56:26,16.84,12,20208,-1
10:56:20,16.85,2,3370,1
10:56:17,16.84,13,21892,-1
10:56:08,16.85,2,3370,1
10:56:05,16.85,34,57290,1
10:55:59,16.85,1,1685,1
10:55:56,16.85,29,48865,1
10:55:53,16.85,20,33700,-1
10:55:50,16.85,0,0,-1
10:55:47,16.85,12,20220,1
10:55:44,16.85,12,20220,1
10:55:41,16.85,52,87620,-1
10:55:38,16.86,191,322026,1
10:55:35,16.85,25,42125,-1
10:55:26,16.86,4,6744,1
10:55:23,16.86,46,77556,-1
10:55:08,16.87,1,1687,1
10:55:05,16.87,6,10122,1
10:54:56,16.86,20,33720,-1
10:54:50,16.87,6,10122,1
10:54:38,16.87,1,1687,1
10:54:35,16.87,8,13496,-1
10:54:28,16.87,4,6748,-1
10:54:25,16.88,5,8440,1
10:54:20,16.88,7,11816,1
10:54:17,16.87,119,200753,1
10:54:14,16.86,2,3372,-1
10:54:04,16.86,18,30348,-1
10:54:02,16.86,20,33720,-1
10:53:56,16.87,7,11809,1
10:53:52,16.87,1,1687,1
10:53:49,16.86,24,40464,-1
10:53:35,16.86,4,6744,-1
10:53:32,16.87,7,11809,1
10:53:28,16.87,125,210875,1
10:53:25,16.85,118,198830,-1
10:53:23,16.85,50,84250,-1
10:53:19,16.86,2,3372,1
10:53:16,16.85,23,38755,1
10:53:13,16.85,10,16850,1
10:53:07,16.85,12,20220,1
10:53:04,16.85,8,13480,1
10:52:58,16.85,1,1685,1
10:52:55,16.85,54,90990,1
10:52:52,16.85,1,1685,1
10:52:49,16.85,4,6740,1
10:52:46,16.85,48,80880,1
10:52:40,16.85,10,16850,1
10:52:34,16.85,6,10110,1
10:52:28,16.85,1,1685,1
10:52:25,16.85,12,20220,1
10:52:22,16.84,2,3368,-1
10:52:19,16.84,5,8420,-1
10:52:07,16.85,9,15165,1
10:52:04,16.85,172,289820,1
10:52:01,16.83,2,3365,-1
10:51:58,16.84,28,47152,1
10:51:55,16.84,6,10104,1
10:51:52,16.84,2,3368,1
10:51:49,16.84,2,3368,1
10:51:46,16.84,37,62308,-1
10:51:37,16.84,25,42100,1
10:51:31,16.84,0,0,1
10:51:28,16.84,1,1684,1
10:51:25,16.84,21,35364,1
10:51:19,16.84,3,5052,1
10:51:16,16.84,51,85884,1
10:51:04,16.83,6,10097,-1
10:51:01,16.84,115,193660,1
10:50:58,16.83,6,10097,-1
10:50:55,16.84,12,20208,1
10:50:52,16.83,160,269280,-1
10:50:46,16.83,4,6731,1
10:50:43,16.83,111,186812,1
10:50:37,16.81,21,35301,1
10:50:29,16.81,1,1680,1
10:50:26,16.81,2,3361,1
10:50:25,16.81,23,38663,-1
10:50:21,16.81,2,3361,-1
10:50:14,16.83,13,21878,-1
10:50:09,16.84,51,85884,1
10:50:06,16.84,1,1684,1
10:50:02,16.84,3,5052,1
10:50:00,16.84,14,23576,1
10:49:56,16.84,18,30312,1
10:49:53,16.83,50,84149,-1
10:49:50,16.84,1,1684,1
10:49:47,16.84,27,45468,1
10:49:35,16.79,2,3358,-1
10:49:32,16.83,3,5048,1
10:49:29,16.83,53,89198,1
10:49:26,16.81,1,1680,-1
10:49:23,16.82,19,31958,1
10:49:20,16.82,149,250618,1
10:49:14,16.81,6,10086,-1
10:49:11,16.82,2,3364,1
10:49:08,16.82,28,47096,1
10:49:05,16.81,12,20172,1
10:49:02,16.81,26,43706,-1
10:48:59,16.81,1,1680,-1
10:48:56,16.82,1,1682,1
10:48:53,16.81,4,6723,1
10:48:50,16.81,28,47068,1
10:48:48,16.79,51,85629,-1
10:48:44,16.8,18,30240,1
10:48:35,16.8,3,5040,1
10:48:29,16.79,1,1679,-1
10:48:26,16.8,2,3360,1
10:48:17,16.8,2,3360,1
10:48:11,16.8,1,1680,1
10:48:08,16.79,5,8395,-1
10:48:05,16.8,5,8400,1
10:48:02,16.79,30,50370,-1
10:47:59,16.79,1,1679,-1
10:47:56,16.8,9,15120,1
10:47:38,16.8,11,18480,1
10:47:35,16.79,15,25185,1
10:47:32,16.78,4,6712,-1
10:47:26,16.8,0,0,1
10:47:23,16.8,2,3360,1
10:47:20,16.79,26,43654,1
10:47:14,16.79,3,5037,1
10:47:11,16.79,64,107456,-1
10:47:08,16.79,2,3358,-1
10:47:05,16.8,5,8400,1
10:47:02,16.79,20,33580,-1
10:46:59,16.79,1,1679,-1
10:46:56,16.8,2,3360,1
10:46:53,16.8,6,10080,1
10:46:47,16.79,5,8395,-1
10:46:29,16.79,1,1679,-1
10:46:26,16.8,14,23520,1
10:46:23,16.8,7,11760,1
10:46:20,16.8,1,1680,1
10:46:17,16.79,3,5037,-1
10:46:14,16.8,16,26880,1
10:46:05,16.8,3,5040,1
10:45:59,16.79,5,8395,-1
10:45:56,16.79,14,23506,-1
10:45:53,16.8,3,5040,1
10:45:50,16.79,3,5037,-1
10:45:47,16.8,19,31920,1
10:45:44,16.8,10,16800,1
10:45:41,16.8,7,11760,1
10:45:38,16.79,27,45333,-1
10:45:35,16.8,1,1680,1
10:45:32,16.8,30,50400,1
10:45:26,16.8,2,3360,1
10:45:23,16.79,33,55407,-1
10:45:05,16.8,13,21840,1
10:45:02,16.8,21,35280,1
10:44:59,16.8,40,67200,-1
10:44:56,16.81,33,55472,0
10:44:53,16.81,6,10086,-1
10:44:50,16.82,10,16820,1
10:44:47,16.82,240,403680,1
10:44:44,16.8,89,149520,-1
10:44:41,16.81,1,1680,1
10:44:38,16.81,5,8405,1
10:44:35,16.8,29,48720,-1
10:44:29,16.81,2,3361,1
10:44:26,16.81,8,13447,0
10:44:23,16.8,30,50400,-1
10:44:11,16.81,3,5043,1
10:44:08,16.81,16,26895,-1
10:44:05,16.81,42,70602,-1
10:44:02,16.81,15,25214,-1
10:43:53,16.82,3,5046,1
10:43:50,16.82,78,131196,1
10:43:47,16.82,2,3364,1
10:43:44,16.81,7,11767,-1
10:43:41,16.81,10,16810,-1
10:43:38,16.81,15,25214,-1
10:43:29,16.82,2,3364,1
10:43:26,16.82,8,13456,1
10:43:23,16.82,65,109330,-1
10:43:17,16.84,2,3368,1
10:43:14,16.84,33,55572,1
10:43:08,16.82,11,18502,-1
10:43:05,16.84,3,5052,1
10:43:02,16.84,11,18524,1
10:42:59,16.84,9,15156,1
10:42:56,16.84,3,5052,1
10:42:50,16.82,4,6728,-1
10:42:44,16.83,2,3365,1
10:42:41,16.83,62,104345,1
10:42:38,16.83,0,0,1
10:42:26,16.83,1,1682,1
10:42:23,16.83,3,5048,-1
10:42:17,16.83,3,5048,-1
10:42:11,16.81,1,1680,-1
10:42:05,16.84,3,5052,1
10:41:59,16.84,10,16840,0
10:41:56,16.85,44,74140,1
10:41:53,16.81,4,6723,-1
10:41:50,16.84,20,33680,1
10:41:47,16.83,2,3365,0
10:41:44,16.81,20,33620,-1
10:41:35,16.81,2,3361,-1
10:41:26,16.84,8,13472,1
10:41:23,16.84,189,318276,1
10:41:20,16.84,5,8420,1
10:41:17,16.83,53,89198,-1
10:41:08,16.84,15,25260,1
10:41:05,16.84,25,42100,1
10:40:59,16.84,1,1684,1
10:40:56,16.84,35,58940,1
10:40:53,16.84,7,11788,1
10:40:50,16.83,108,181763,-1
10:40:47,16.83,9,15146,-1
10:40:44,16.83,7,11780,-1
10:40:38,16.84,1,1684,1
10:40:35,16.84,1,1684,1
10:40:32,16.83,18,30293,-1
10:40:29,16.83,1,1682,-1
10:40:23,16.84,1,1684,-1
10:40:11,16.85,9,15165,0
10:40:08,16.82,145,243890,-1
10:40:05,16.86,3,5058,1
10:40:02,16.83,102,171665,-1
10:39:59,16.86,2,3372,1
10:39:56,16.85,12,20220,-1
10:39:47,16.86,4,6744,1
10:39:44,16.83,101,169982,-1
10:39:38,16.86,13,21918,1
10:39:35,16.85,5,8425,1
10:39:26,16.85,8,13480,1
10:39:20,16.85,8,13480,1
10:39:17,16.84,22,37048,-1
10:39:02,16.84,2,3368,-1
10:38:47,16.84,1,1684,-1
10:38:38,16.85,5,8425,0
10:38:35,16.84,100,168400,-1
10:38:26,16.85,9,15165,-1
10:38:23,16.86,2,3372,1
10:38:20,16.86,17,28662,1
10:38:17,16.85,12,20220,-1
10:38:14,16.85,10,16850,-1
10:38:08,16.86,2,3372,1
10:38:05,16.86,3,5058,1
10:37:56,16.86,17,28662,-1
10:37:53,16.88,1,1688,1
10:37:50,16.88,30,50640,1
10:37:44,16.88,11,18568,0
10:37:41,16.89,73,123297,1
10:37:35,16.88,1,1688,-1
10:37:32,16.89,2,3378,1
10:37:29,16.89,3,5067,1
10:37:26,16.89,85,143565,-1
10:37:23,16.9,35,59149,1
10:37:20,16.89,129,217881,1
10:37:11,16.89,2,3378,0
10:37:08,16.88,26,43888,-1
10:36:59,16.9,5,8450,1
10:36:56,16.89,33,55737,1
10:36:53,16.89,73,123297,1
10:36:47,16.86,3,5058,0
10:36:44,16.88,17,28696,-1
10:36:32,16.89,5,8445,1
10:36:29,16.88,105,177240,1
10:36:26,16.88,20,33760,0
10:36:23,16.89,310,523590,1
10:36:20,16.88,2,3376,1
10:36:17,16.88,22,37136,1
10:36:14,16.88,42,70896,1
10:36:11,16.88,77,129975,1
10:36:08,16.87,1,1687,1
10:36:05,16.87,3,5061,1
10:36:02,16.87,10,16870,-1
10:35:59,16.88,27,45576,1
10:35:56,16.88,4,6752,1
10:35:53,16.87,3,5061,-1
10:35:44,16.87,2,3374,1
10:35:41,16.85,141,237585,-1
10:35:20,16.85,1,1685,-1
10:35:14,16.86,1,1686,1
10:35:11,16.86,14,23604,-1
10:35:08,16.87,5,8435,1
10:35:05,16.87,30,50610,1
10:35:02,16.86,5,8430,-1
10:34:59,16.86,4,6744,-1
10:34:56,16.87,1,1687,1
10:34:44,16.87,2,3374,1
10:34:41,16.86,23,38778,-1
10:34:38,16.86,6,10116,-1
10:34:35,16.87,26,43862,1
10:34:32,16.86,5,8430,-1
10:34:29,16.86,7,11802,-1
10:34:26,16.86,12,20232,-1
10:34:23,16.87,2,3374,1
10:34:20,16.86,30,50580,-1
10:34:17,16.86,135,227610,-1
10:34:14,16.86,46,77556,1
10:33:55,16.86,9,15174,1
10:33:52,16.86,60,101160,1
10:33:46,16.85,10,16850,-1
10:33:34,16.87,2,3374,1
10:33:31,16.87,4,6748,1
10:33:28,16.85,41,69085,-1
10:33:25,16.86,28,47208,1
10:33:19,16.86,1,1686,1
10:33:16,16.85,10,16850,-1
10:33:13,16.86,1,1686,1
10:33:10,16.86,2,3372,1
10:33:07,16.86,5,8430,1
10:33:04,16.86,27,45522,-1
10:33:01,16.86,30,50580,-1
10:32:58,16.87,1,1687,1
10:32:55,16.88,40,67520,1
10:32:52,16.87,1,1687,1
10:32:50,16.87,13,21931,1
10:32:46,16.87,46,77602,1
10:32:43,16.86,1,1686,-1
10:32:34,16.86,5,8430,-1
10:32:25,16.87,15,25305,1
10:32:22,16.87,4,6748,1
10:32:19,16.86,73,123078,1
10:32:16,16.86,5,8430,1
10:32:13,16.85,31,52235,1
10:32:10,16.85,2,3370,1
10:32:07,16.85,49,82565,1
10:32:04,16.84,6,10104,1
10:32:01,16.86,37,62382,1
10:31:58,16.85,194,326890,1
10:31:55,16.83,8,13463,1
10:31:52,16.83,5,8415,0
10:31:49,16.82,94,158108,-1
10:31:46,16.84,15,25260,1
10:31:43,16.84,104,175136,-1
10:31:40,16.83,14,23561,-1
10:31:34,16.84,3,5052,1
10:31:31,16.84,4,6736,1
10:31:25,16.84,2,3368,1
10:31:22,16.84,28,47152,1
10:31:19,16.83,2,3365,-1
10:31:16,16.84,2,3368,1
10:31:13,16.83,37,62270,-1
10:31:10,16.83,24,40391,-1
10:31:04,16.84,3,5052,1
10:31:01,16.84,10,16840,-1
10:30:58,16.84,2,3368,-1
10:30:55,16.85,6,10110,1
10:30:49,16.84,2,3368,-1
10:30:43,16.84,1,1684,-1
10:30:37,16.85,1,1685,1
10:30:34,16.85,4,6740,1
10:30:25,16.84,14,23576,-1
10:30:22,16.85,1,1685,1
10:30:19,16.83,40,67320,-1
10:30:16,16.82,3,5046,-1
10:30:13,16.82,10,16820,-1
10:30:07,16.84,1,1684,1
10:30:04,16.85,12,20220,1
10:29:58,16.85,2,3370,1
10:29:55,16.84,26,43784,-1
10:29:46,16.84,2,3368,-1
10:29:43,16.84,11,18524,-1
10:29:40,16.84,146,245864,1
10:29:37,16.82,100,168200,-1
10:29:34,16.83,1,1682,-1
10:29:31,16.83,71,119492,-1
10:29:25,16.84,27,45468,1
10:29:18,16.84,144,242496,-1
10:29:12,16.84,2,3368,-1
10:29:07,16.85,11,18535,1
10:29:02,16.85,8,13480,1
10:29:01,16.85,10,16850,1
10:28:53,16.85,2,3370,1
10:28:51,16.85,27,45495,1
10:28:44,16.84,1,1684,-1
10:28:41,16.84,3,5052,-1
10:28:35,16.85,10,16850,1
10:28:29,16.85,5,8425,-1
10:28:26,16.86,2,3372,1
10:28:23,16.86,16,26976,1
10:28:17,16.85,20,33700,-1
10:28:14,16.86,2,3372,1
10:28:11,16.85,9,15165,-1
10:28:08,16.85,3,5055,-1
10:28:05,16.85,3,5055,0
10:28:02,16.85,10,16850,1
10:27:56,16.85,7,11795,1
10:27:53,16.85,10,16850,-1
10:27:50,16.85,20,33700,-1
10:27:32,16.86,2,3372,1
10:27:29,16.85,12,20220,-1
10:27:20,16.85,15,25275,-1
10:27:17,16.86,1,1686,1
10:27:14,16.86,24,40464,1
10:27:11,16.85,20,33700,-1
10:27:05,16.86,4,6744,1
10:26:56,16.86,1,1686,1
10:26:50,16.86,19,32034,1
10:26:44,16.86,1,1686,1
10:26:41,16.86,8,13488,1
10:26:29,16.86,1,1686,1
10:26:26,16.86,36,60696,-1
10:26:23,16.87,1,1687,1
10:26:11,16.86,10,16860,-1
10:26:08,16.87,13,21931,1
10:25:59,16.87,2,3374,0
10:25:56,16.86,6,10116,0
10:25:53,16.85,100,168500,-1
10:25:50,16.88,12,20256,1
10:25:47,16.86,31,52266,1
10:25:44,16.86,472,795792,-1
10:25:41,16.88,13,21944,1
10:25:38,16.87,50,84350,-1
10:25:32,16.87,2,3374,-1
10:25:26,16.88,2,3376,1
10:25:23,16.88,38,64143,1
10:25:17,16.88,3,5064,1
10:25:14,16.88,58,97904,-1
10:25:11,16.89,4,6756,1
10:25:08,16.88,54,91152,-1
10:25:05,16.89,3,5067,1
10:25:02,16.89,10,16890,1
10:24:59,16.89,3,5067,1
10:24:56,16.89,40,67560,1
10:24:47,16.89,2,3378,1
10:24:44,16.89,1,1689,1
10:24:41,16.88,7,11816,-1
10:24:38,16.88,11,18568,-1
10:24:35,16.88,11,18568,-1
10:24:32,16.89,21,35469,1
10:24:29,16.89,1,1689,1
10:24:26,16.89,42,70938,1
10:24:17,16.89,1,1689,1
10:24:11,16.89,2,3378,1
10:24:08,16.89,29,48981,-1
10:24:05,16.89,80,135120,-1
10:24:02,16.89,9,15201,-1
10:23:59,16.9,1,1689,1
10:23:56,16.9,20,33800,1
10:23:50,16.89,5,8445,-1
10:23:41,16.89,1,1689,-1
10:23:26,16.9,6,10140,1
10:23:23,16.9,1,1689,1
10:23:20,16.9,8,13519,1
10:23:17,16.89,42,70938,-1
10:23:14,16.9,1,1689,1
10:23:11,16.9,28,47319,1
10:23:08,16.9,7,11829,1
10:23:05,16.9,22,37180,1
10:23:02,16.9,98,165620,1
10:22:59,16.9,0,0,1
10:22:56,16.9,78,131820,1
10:22:53,16.89,5,8445,1
10:22:50,16.89,23,38847,-1
10:22:47,16.89,21,35469,-1
10:22:41,16.89,31,52359,1
10:22:38,16.89,16,27024,1
10:22:35,16.89,4,6756,1
10:22:32,16.89,36,60804,1
10:22:29,16.88,37,62455,-1
10:22:26,16.89,29,48981,1
10:22:23,16.89,82,138498,1
10:22:20,16.88,12,20256,-1
10:22:17,16.88,66,111408,-1
10:22:14,16.88,30,50640,-1
10:22:11,16.89,139,234771,1
10:22:08,16.88,17,28696,-1
10:22:05,16.89,6,10134,1
10:22:02,16.89,94,158766,1
10:21:59,16.89,28,47292,1
10:21:56,16.89,94,158766,1
10:21:53,16.89,1,1689,1
10:21:50,16.89,1,1689,1
10:21:47,16.89,42,70938,-1
10:21:44,16.9,16,27039,-1
10:21:41,16.9,33,55769,-1
10:21:38,16.91,1,1691,1
10:21:35,16.91,55,93005,1
10:21:32,16.91,1,1691,1
10:21:29,16.9,12,20280,-1
10:21:26,16.91,10,16910,1
10:21:23,16.91,36,60876,1
10:21:20,16.91,23,38893,1
10:21:17,16.91,4,6764,1
10:21:14,16.91,12,20292,1
10:21:11,16.91,84,142044,1
10:21:08,16.91,32,54112,-1
10:21:05,16.91,12,20292,-1
10:21:02,16.91,28,47348,-1
10:20:59,16.92,153,258876,1
10:20:56,16.92,33,55836,1
10:20:53,16.91,15,25365,-1
10:20:50,16.92,2,3384,1
10:20:47,16.91,130,219830,1
10:20:44,16.91,30,50730,1
10:20:41,16.91,23,38893,1
10:20:38,16.91,54,91314,1
10:20:35,16.9,6,10140,-1
10:20:32,16.91,56,94696,1
10:20:29,16.91,38,64258,1
10:20:26,16.91,21,35511,1
10:20:23,16.91,26,43966,1
10:20:20,16.9,7,11829,-1
10:20:17,16.91,26,43966,1
10:20:14,16.9,164,277160,1
10:20:11,16.9,157,265330,1
10:20:05,16.9,15,25349,1
10:20:02,16.9,25,42250,1
10:19:59,16.9,13,21969,1
10:19:56,16.9,16,27039,1
10:19:53,16.9,125,211249,1
10:19:50,16.89,7,11823,1
10:19:47,16.89,6,10134,1
10:19:44,16.89,37,62493,1
10:19:41,16.88,11,18568,-1
10:19:38,16.89,10,16890,1
10:19:35,16.89,217,366513,1
10:19:32,16.88,36,60768,1
10:19:29,16.88,57,96216,1
10:19:26,16.88,129,217752,1
10:19:20,16.88,5,8440,1
10:19:17,16.88,6,10128,1
10:19:14,16.87,120,202440,1
10:19:11,16.86,2,3372,-1
10:19:08,16.87,4,6748,1
10:19:05,16.86,66,111276,1
10:19:02,16.86,3,5058,1
10:18:59,16.85,50,84250,-1
10:18:56,16.86,17,28662,1
10:18:53,16.85,6,10110,-1
10:18:50,16.86,3,5058,1
10:18:47,16.85,48,80880,1
10:18:44,16.85,2,3370,1
10:18:41,16.84,31,52204,-1
10:18:38,16.85,5,8425,1
10:18:35,16.85,112,188720,1
10:18:32,16.84,11,18524,-1
10:18:29,16.85,3,5055,1
10:18:26,16.84,59,99356,1
10:18:23,16.84,4,6736,1
10:18:20,16.84,10,16840,1
10:18:17,16.84,28,47152,-1
10:18:14,16.85,12,20220,1
10:18:11,16.84,143,240812,-1
10:18:05,16.85,3,5055,1
10:18:02,16.84,27,45468,-1
10:17:59,16.85,2,3370,1
10:17:56,16.85,6,10110,1
10:17:47,16.85,14,23590,1
10:17:44,16.84,2,3368,1
10:17:41,16.83,7,11780,-1
10:17:38,16.84,1,1684,1
10:17:35,16.83,4,6731,-1
10:17:26,16.84,5,8420,-1
10:17:23,16.84,9,15156,-1
10:17:20,16.84,7,11788,-1
10:17:17,16.85,1,1685,1
10:17:14,16.85,2,3370,1
10:17:11,16.85,34,57290,-1
10:17:08,16.86,20,33720,1
10:17:02,16.86,3,5058,1
10:16:59,16.86,3,5058,1
10:16:56,16.86,50,84300,1
10:16:50,16.86,5,8430,1
10:16:47,16.85,11,18535,-1
10:16:44,16.85,12,20220,-1
10:16:41,16.86,11,18546,1
10:16:38,16.86,21,35406,1
10:16:35,16.85,8,13480,-1
10:16:29,16.86,7,11802,1
10:16:26,16.85,32,53920,-1
10:16:17,16.86,2,3372,1
10:16:14,16.86,35,59010,1
10:16:11,16.85,194,326890,1
10:16:05,16.84,3,5052,1
10:15:59,16.84,1,1684,1
10:15:56,16.84,31,52204,1
10:15:50,16.85,0,0,1
10:15:41,16.85,2,3370,1
10:15:38,16.81,26,43706,-1
10:15:32,16.85,0,0,1
10:15:16,16.85,7,11795,-1
10:15:14,16.81,38,63877,-1
10:15:11,16.85,10,16850,-1
10:15:08,16.86,1,1686,1
10:15:04,16.85,15,25275,1
10:15:02,16.85,2,3370,1
10:14:59,16.82,42,70644,-1
10:14:56,16.85,172,289820,1
10:14:53,16.82,34,57188,1
10:14:50,16.82,2,3364,1
10:14:47,16.81,30,50429,-1
10:14:41,16.83,0,0,0
10:14:37,16.83,3,5048,1
10:14:35,16.8,50,84000,-1
10:14:29,16.81,0,0,-1
10:14:26,16.81,11,18491,1
10:14:23,16.81,52,87412,-1
10:14:17,16.83,8,13463,1
10:14:05,16.83,12,20195,1
10:14:01,16.81,163,274003,-1
10:13:58,16.83,1,1682,1
10:13:55,16.83,23,38708,1
10:13:50,16.83,7,11780,0
10:13:46,16.81,125,210124,-1
10:13:22,16.83,5,8415,1
10:13:19,16.83,102,171665,1
10:13:16,16.83,44,74051,-1
10:13:13,16.84,5,8420,1
10:13:10,16.84,89,149876,1
10:13:07,16.84,22,37048,1
10:13:05,16.84,3,5052,1
10:13:01,16.84,17,28628,-1
10:12:58,16.84,28,47152,-1
10:12:55,16.85,3,5055,1
10:12:49,16.84,3,5052,-1
10:12:46,16.85,2,3370,1
10:12:43,16.84,2,3368,-1
10:12:40,16.84,13,21892,-1
10:12:37,16.83,0,0,-1
10:12:34,16.83,1,1682,-1
10:12:28,16.85,1,1685,1
10:12:25,16.85,22,37070,1
10:12:22,16.85,5,8425,1
10:12:16,16.83,1,1682,-1
10:12:13,16.83,9,15146,-1
10:12:07,16.85,12,20220,1
10:12:04,16.85,10,16850,1
10:11:58,16.85,4,6740,1
10:11:55,16.85,3,5055,0
10:11:52,16.86,15,25290,1
10:11:49,16.85,25,42125,-1
10:11:46,16.85,4,6740,-1
10:11:43,16.86,22,37092,1
10:11:40,16.86,27,45522,1
10:11:37,16.86,101,170286,1
10:11:34,16.85,20,33700,-1
10:11:31,16.86,3,5058,1
10:11:28,16.85,42,70770,-1
10:11:25,16.85,9,15165,-1
10:11:22,16.85,28,47180,1
10:11:19,16.85,5,8425,1
10:11:16,16.85,108,181980,1
10:11:13,16.85,15,25275,-1
10:11:10,16.86,1,1686,0
10:11:04,16.86,7,11802,-1
10:11:01,16.86,4,6744,-1
10:10:58,16.86,20,33720,-1
10:10:55,16.86,4,6744,-1
10:10:49,16.87,20,33740,1
10:10:46,16.87,2,3374,1
10:10:43,16.87,15,25305,-1
10:10:40,16.88,121,204248,1
10:10:37,16.88,110,185680,1
10:10:31,16.87,11,18557,-1
10:10:28,16.87,15,25305,-1
10:10:25,16.87,17,28679,-1
10:10:22,16.87,1,1687,-1
10:10:19,16.88,10,16880,1
10:10:16,16.87,27,45549,1
10:10:13,16.86,2,3372,-1
10:10:10,16.86,36,60696,-1
10:10:07,16.87,1,1687,1
10:10:04,16.87,1,1687,1
10:10:01,16.86,16,26976,-1
10:09:58,16.85,16,26960,-1
10:09:55,16.87,90,151830,1
10:09:52,16.84,60,101040,-1
10:09:46,16.86,5,8430,1
10:09:42,16.86,7,11802,1
10:09:40,16.84,7,11788,1
10:09:35,16.84,14,23576,1
10:09:33,16.86,0,0,1
10:09:30,16.86,16,26976,1
10:09:28,16.86,129,217494,1
10:09:25,16.83,23,38708,-1
10:09:19,16.86,10,16860,1
10:09:14,16.86,101,170286,1
10:09:13,16.85,22,37070,-1
10:09:08,16.85,5,8425,1
10:09:05,16.83,253,425798,-1
10:09:02,16.85,100,168500,1
10:08:59,16.84,50,84200,0
10:08:56,16.85,96,161760,1
10:08:50,16.84,13,21892,1
10:08:47,16.84,23,38732,1
10:08:44,16.82,3,5046,-1
10:08:38,16.83,1,1682,1
10:08:35,16.82,0,0,-1
10:08:32,16.82,1,1682,-1
10:08:29,16.84,5,8420,0
10:08:26,16.85,45,75825,1
10:08:23,16.82,10,16820,-1
10:08:20,16.84,3,5052,1
10:08:17,16.82,4,6728,-1
10:08:11,16.83,7,11780,1
10:08:08,16.82,5,8410,-1
10:08:05,16.84,15,25260,1
10:08:02,16.84,105,176820,1
10:07:59,16.82,18,30276,-1
10:07:56,16.84,23,38732,1
10:07:53,16.84,7,11788,1
10:07:50,16.82,122,205204,-1
10:07:47,16.82,34,57188,-1
10:07:44,16.82,16,26912,-1
10:07:41,16.82,3,5046,-1
10:07:38,16.82,6,10092,1
10:07:35,16.82,20,33640,1
10:07:32,16.82,9,15138,1
10:07:29,16.82,174,292668,1
10:07:26,16.82,27,45414,-1
10:07:23,16.84,13,21892,1
10:07:20,16.83,4,6731,1
10:07:17,16.83,108,181763,1
10:07:14,16.82,3,5046,1
10:07:11,16.82,70,117740,-1
10:07:08,16.83,132,222155,-1
10:07:02,16.84,12,20208,1
10:06:59,16.82,68,114376,-1
10:06:56,16.84,171,287964,1
10:06:53,16.82,5,8410,-1
10:06:50,16.83,2,3365,1
10:06:47,16.82,59,99238,-1
10:06:44,16.83,2,3365,1
10:06:41,16.83,1,1682,1
10:06:38,16.83,47,79100,0
10:06:35,16.82,90,151380,-1
10:06:29,16.84,4,6736,1
10:06:26,16.82,34,57188,-1
10:06:23,16.83,39,65637,-1
10:06:20,16.84,53,89252,1
10:06:17,16.83,2,3365,1
10:06:14,16.83,2,3365,1
10:06:11,16.83,3,5048,0
10:06:08,16.82,68,114376,-1
10:06:05,16.83,4,6731,1
10:06:02,16.84,0,0,1
10:05:56,16.84,12,20208,1
10:05:47,16.84,0,0,1
10:05:41,16.84,3,5052,1
10:05:38,16.81,0,0,-1
10:05:35,16.81,21,35301,-1
10:05:32,16.83,12,20195,1
10:05:29,16.82,284,477688,1
10:05:26,16.81,16,26895,1
10:05:23,16.81,1,1680,1
10:05:20,16.81,1,1680,1
10:05:17,16.8,10,16800,1
10:05:08,16.79,16,26864,-1
10:05:05,16.8,3,5040,1
10:05:02,16.8,14,23520,1
10:04:59,16.81,9,15128,1
10:04:56,16.81,102,171462,1
10:04:53,16.78,31,52018,-1
10:04:50,16.78,17,28526,-1
10:04:47,16.78,3,5034,-1
10:04:44,16.78,4,6712,-1
10:04:41,16.79,1,1679,1
10:04:38,16.8,0,0,1
10:04:35,16.8,36,60480,1
10:04:32,16.78,2,3356,-1
10:04:29,16.79,31,52049,-1
10:04:26,16.8,12,20160,1
10:04:20,16.8,27,45360,1
10:04:17,16.79,1,1679,1
10:04:14,16.79,3,5037,1
10:04:11,16.79,23,38617,1
10:04:08,16.77,51,85527,-1
10:04:05,16.79,4,6716,1
10:04:02,16.79,19,31901,1
10:03:59,16.79,1,1679,0
10:03:56,16.8,100,168000,1
10:03:53,16.77,1,1677,0
10:03:50,16.76,26,43576,-1
10:03:44,16.77,1,1677,-1
10:03:41,16.76,10,16760,-1
10:03:38,16.78,1,1678,0
10:03:35,16.8,50,84000,1
10:03:32,16.77,1,1677,1
10:03:29,16.79,18,30222,-1
10:03:26,16.79,33,55407,1
10:03:23,16.78,1,1678,0
10:03:20,16.75,1025,1716875,-1
10:03:17,16.76,14,23464,1
10:03:14,16.75,57,95475,-1
10:03:11,16.76,3,5028,1
10:03:08,16.76,165,276540,1
10:03:05,16.76,34,56984,1
10:03:02,16.76,8,13408,1
10:02:59,16.76,11,18436,1
10:02:56,16.76,19,31844,1
10:02:53,16.76,189,316764,-1
10:02:50,16.79,9,15111,-1
10:02:47,16.79,30,50370,1
10:02:44,16.76,60,100560,-1
10:02:41,16.79,1,1679,1
10:02:38,16.79,1,1679,1
10:02:35,16.77,38,63726,-1
10:02:32,16.79,4,6716,1
10:02:29,16.77,28,46956,-1
10:02:26,16.8,112,188160,1
10:02:23,16.78,4,6712,1
10:02:20,16.78,1,1678,1
10:02:17,16.77,102,171054,1
10:02:14,16.77,2,3354,1
10:02:11,16.77,9,15093,1
10:02:08,16.76,82,137432,-1
10:02:05,16.77,187,313599,-1
10:02:02,16.78,12,20136,1
10:01:59,16.78,2,3356,1
10:01:56,16.78,2,3356,1
10:01:53,16.77,95,159315,-1
10:01:50,16.75,0,0,-1
10:01:47,16.75,804,1346700,-1
10:01:44,16.79,0,0,1
10:01:41,16.79,45,75555,1
10:01:38,16.78,392,657776,1
10:01:35,16.77,22,36894,-1
10:01:32,16.78,21,35238,1
10:01:29,16.77,30,50310,-1
10:01:26,16.77,12,20124,-1
10:01:23,16.78,9,15102,1
10:01:20,16.76,191,320116,-1
10:01:17,16.78,17,28526,1
10:01:14,16.77,99,166023,-1
10:01:11,16.78,16,26848,1
10:01:08,16.78,1,1678,1
10:01:05,16.78,122,204716,1
10:00:56,16.78,5,8390,1
10:00:53,16.78,93,156054,-1
10:00:50,16.78,3,5034,-1
10:00:47,16.79,20,33580,1
10:00:44,16.79,10,16790,1
10:00:41,16.78,212,355736,-1
10:00:35,16.79,8,13432,1
10:00:32,16.79,2,3358,1
10:00:29,16.78,11,18458,-1
10:00:26,16.78,1,1678,-1
10:00:23,16.79,3,5037,1
10:00:20,16.81,10,16810,1
10:00:17,16.79,47,78913,-1
10:00:14,16.8,3,5040,-1
10:00:11,16.81,36,60515,1
10:00:08,16.8,47,78960,1
10:00:05,16.8,26,43680,1
10:00:02,16.8,438,735840,-1
09:59:59,16.8,25,42000,-1
09:59:56,16.8,2,3360,-1
09:59:53,16.81,6,10086,1
09:59:50,16.8,29,48720,-1
09:59:44,16.81,3,5043,1
09:59:41,16.81,19,31938,-1
09:59:38,16.82,24,40368,1
09:59:35,16.82,7,11774,1
09:59:32,16.82,2,3364,1
09:59:26,16.82,11,18502,1
09:59:14,16.82,1,1682,1
09:59:11,16.83,3,5048,1
09:59:08,16.83,38,63953,-1
09:59:05,16.84,3,5052,1
09:59:02,16.84,18,30312,1
09:58:59,16.83,96,161567,1
09:58:56,16.82,40,67280,1
09:58:50,16.82,9,15138,1
09:58:47,16.82,4,6728,1
09:58:44,16.81,21,35301,-1
09:58:41,16.82,8,13456,1
09:58:38,16.81,170,285770,-1
09:58:35,16.81,3,5043,-1
09:58:32,16.82,2,3364,1
09:58:29,16.81,7,11767,-1
09:58:26,16.81,1,1680,-1
09:58:23,16.81,1,1680,-1
09:58:20,16.82,2,3364,1
09:58:17,16.81,30,50429,-1
09:58:14,16.82,20,33640,-1
09:58:05,16.83,1,1682,1
09:58:02,16.83,10,16830,1
09:57:59,16.83,11,18512,-1
09:57:56,16.84,3,5052,1
09:57:53,16.84,2,3368,0
09:57:50,16.83,35,58904,-1
09:57:44,16.83,0,0,-1
09:57:41,16.83,3,5048,-1
09:57:29,16.85,2,3370,1
09:57:26,16.83,32,53855,-1
09:57:17,16.83,5,8415,1
09:57:14,16.84,0,0,1
09:57:11,16.84,1,1684,1
09:57:08,16.82,8,13456,-1
09:56:59,16.84,2,3368,1
09:56:56,16.84,35,58940,0
09:56:53,16.85,154,259490,1
09:56:47,16.83,1,1682,1
09:56:43,16.83,23,38708,-1
09:56:40,16.83,18,30293,1
09:56:35,16.81,0,0,0
09:56:32,16.81,2,3361,1
09:56:28,16.81,32,53791,1
09:56:25,16.81,8,13447,1
09:56:22,16.81,148,248787,-1
09:56:19,16.86,63,106218,1
09:56:13,16.86,1,1686,1
09:56:10,16.85,11,18535,1
09:56:07,16.83,4,6731,-1
09:56:01,16.85,13,21905,1
09:55:58,16.83,22,37025,1
09:55:55,16.83,3,5048,1
09:55:52,16.83,21,35343,1
09:55:49,16.83,4,6731,-1
09:55:46,16.88,16,27008,1
09:55:43,16.88,400,675200,1
09:55:40,16.83,8,13463,0
09:55:37,16.84,58,97672,1
09:55:34,16.81,3,5043,-1
09:55:31,16.83,13,21878,1
09:55:13,16.83,17,28610,-1
09:55:10,16.85,1,1685,1
09:55:07,16.85,22,37070,1
09:55:04,16.83,27,45440,-1
09:55:01,16.85,17,28645,1
09:54:58,16.85,22,37070,1
09:54:55,16.85,2,3370,1
09:54:52,16.85,32,53920,1
09:54:49,16.85,9,15165,1
09:54:46,16.85,18,30330,1
09:54:43,16.84,89,149876,-1
09:54:34,16.85,7,11795,1
09:54:31,16.85,17,28645,1
09:54:28,16.84,108,181872,1
09:54:25,16.83,178,299573,1
09:54:22,16.83,8,13463,-1
09:54:13,16.84,2,3368,1
09:54:10,16.83,33,55538,1
09:54:07,16.83,81,136323,-1
09:54:04,16.84,2,3368,1
09:54:01,16.84,27,45468,1
09:53:58,16.84,9,15156,1
09:53:55,16.83,88,148103,1
09:53:52,16.82,14,23548,-1
09:53:49,16.83,157,264231,1
09:53:46,16.83,15,25244,1
09:53:43,16.83,21,35343,1
09:53:40,16.83,18,30293,1
09:53:37,16.83,45,75734,-1
09:53:34,16.83,103,173348,-1
09:53:31,16.83,28,47123,-1
09:53:28,16.83,169,284427,1
09:53:25,16.77,165,276705,-1
09:53:22,16.83,365,614294,1
09:53:16,16.79,8,13432,1
09:53:13,16.79,19,31901,-1
09:53:10,16.79,29,48691,0
09:53:07,16.78,29,48662,-1
09:53:04,16.79,35,58765,1
09:53:01,16.79,4,6716,1
09:52:58,16.79,63,105777,-1
09:52:55,16.79,2,3358,-1
09:52:49,16.8,3,5040,1
09:52:46,16.83,72,121175,-1
09:52:43,16.84,15,25260,1
09:52:40,16.8,90,151200,-1
09:52:37,16.83,20,33660,-1
09:52:34,16.83,207,348380,1
09:52:31,16.8,46,77280,-1
09:52:28,16.8,51,85680,-1
09:52:25,16.81,19,31938,1
09:52:22,16.81,61,102540,-1
09:52:10,16.81,6,10086,-1
09:52:07,16.82,13,21866,1
09:52:04,16.81,257,432016,1
09:52:01,16.81,5,8405,1
09:51:58,16.81,6,10086,1
09:51:55,16.81,78,131118,-1
09:51:52,16.83,2,3365,1
09:51:49,16.82,22,37004,-1
09:51:46,16.83,5,8415,1
09:51:34,16.83,2,3365,1
09:51:30,16.83,12,20195,1
09:51:28,16.83,4,6731,1
09:51:25,16.82,14,23548,-1
09:51:21,16.82,60,100920,-1
09:51:19,16.82,95,159790,1
09:51:16,16.8,45,75600,-1
09:51:13,16.8,5,8400,-1
09:51:10,16.8,27,45360,1
09:51:07,16.79,70,117530,1
09:51:04,16.78,54,90612,-1
09:51:01,16.79,7,11753,1
09:50:58,16.78,127,213106,-1
09:50:55,16.78,10,16780,-1
09:50:51,16.79,17,28543,0
09:50:47,16.78,68,114104,-1
09:50:44,16.8,1,1680,1
09:50:42,16.79,64,107456,-1
09:50:38,16.79,12,20148,-1
09:50:32,16.8,12,20160,1
09:50:29,16.79,141,236739,-1
09:50:26,16.82,10,16820,0
09:50:23,16.82,0,0,1
09:50:20,16.82,10,16820,-1
09:50:17,16.82,15,25230,-1
09:50:14,16.82,3,5046,-1
09:50:11,16.83,5,8415,1
09:50:08,16.83,18,30293,-1
09:50:05,16.85,20,33700,1
09:50:02,16.85,463,780155,1
09:49:59,16.85,11,18535,1
09:49:56,16.85,14,23590,1
09:49:53,16.85,106,178610,1
09:49:50,16.83,2,3365,1
09:49:47,16.83,1,1682,1
09:49:44,16.83,46,77417,-1
09:49:41,16.84,4,6736,1
09:49:38,16.83,56,94247,-1
09:49:35,16.83,33,55538,-1
09:49:32,16.83,0,0,0
09:49:29,16.83,4,6731,-1
09:49:26,16.84,4,6736,1
09:49:23,16.83,12,20195,1
09:49:20,16.83,29,48806,1
09:49:17,16.82,52,87464,1
09:49:14,16.82,109,183338,1
09:49:11,16.82,20,33640,-1
09:49:08,16.83,8,13463,1
09:49:05,16.83,103,173348,1
09:49:02,16.82,49,82418,-1
09:48:59,16.83,54,90881,1
09:48:56,16.82,21,35322,1
09:48:50,16.81,7,11767,-1
09:48:47,16.82,16,26912,1
09:48:44,16.82,40,67280,1
09:48:41,16.81,26,43706,-1
09:48:38,16.82,21,35322,1
09:48:35,16.82,12,20184,1
09:48:29,16.82,5,8410,0
09:48:26,16.82,15,25230,-1
09:48:23,16.83,3,5048,1
09:48:20,16.82,24,40368,-1
09:48:17,16.82,13,21866,-1
09:48:14,16.82,59,99238,-1
09:48:11,16.82,15,25230,-1
09:48:08,16.84,1,1684,1
09:48:05,16.84,11,18524,1
09:48:02,16.82,32,53824,-1
09:47:59,16.83,0,0,0
09:47:56,16.83,1,1682,1
09:47:53,16.82,13,21866,-1
09:47:50,16.82,14,23548,-1
09:47:47,16.84,3,5052,1
09:47:44,16.82,14,23548,-1
09:47:41,16.82,43,72326,-1
09:47:38,16.83,12,20195,-1
09:47:35,16.83,18,30293,-1
09:47:32,16.83,106,178397,-1
09:47:29,16.84,44,74096,-1
09:47:26,16.84,5,8420,-1
09:47:23,16.84,84,141456,-1
09:47:20,16.84,12,20208,-1
09:47:17,16.85,99,166815,-1
09:47:14,16.86,1,1686,1
09:47:11,16.85,51,85935,-1
09:47:08,16.86,2,3372,0
09:47:05,16.87,16,26992,1
09:47:02,16.86,14,23604,-1
09:46:59,16.87,6,10122,0
09:46:56,16.88,68,114784,1
09:46:53,16.88,4,6752,1
09:46:50,16.87,3,5061,-1
09:46:47,16.87,30,50610,-1
09:46:41,16.88,5,8440,1
09:46:38,16.87,0,0,1
09:46:32,16.87,1,1687,1
09:46:29,16.87,2,3374,1
09:46:26,16.87,26,43862,-1
09:46:23,16.9,52,87879,1
09:46:20,16.89,2,3378,1
09:46:17,16.89,3,5067,0
09:46:14,16.88,89,150232,-1
09:46:11,16.89,20,33780,-1
09:46:08,16.89,158,266862,-1
09:46:05,16.89,14,23646,1
09:46:02,16.89,7,11823,1
09:45:59,16.89,5,8445,1
09:45:56,16.87,161,271607,-1
09:45:53,16.9,0,0,1
09:45:50,16.9,33,55769,1
09:45:47,16.89,6,10134,1
09:45:44,16.88,27,45576,1
09:45:41,16.88,117,197496,-1
09:45:38,16.9,27,45629,1
09:45:35,16.89,10,16890,-1
09:45:32,16.9,150,253499,1
09:45:29,16.9,4,6759,1
09:45:26,16.9,50,84500,1
09:45:23,16.9,17,28729,1
09:45:20,16.9,1,1689,1
09:45:17,16.89,61,103029,-1
09:45:11,16.89,17,28713,-1
09:45:08,16.9,2,3379,1
09:45:02,16.89,51,86139,1
09:44:59,16.89,48,81072,1
09:44:56,16.88,20,33760,-1
09:44:53,16.89,20,33780,0
09:44:50,16.9,9,15209,1
09:44:47,16.88,83,140104,-1
09:44:44,16.9,200,338000,1
09:44:41,16.89,24,40536,1
09:44:38,16.88,31,52328,1
09:44:35,16.88,2,3376,1
09:44:32,16.88,32,54016,-1
09:44:29,16.9,24,40560,1
09:44:26,16.88,117,197496,-1
09:44:23,16.88,30,50640,-1
09:44:20,16.88,38,64143,-1
09:44:17,16.9,18,30419,1
09:44:14,16.9,29,49009,1
09:44:11,16.9,7,11829,1
09:44:08,16.88,36,60768,-1
09:44:05,16.91,31,52421,1
09:44:02,16.9,82,138580,-1
09:43:59,16.92,5,8460,1
09:43:56,16.92,173,292716,1
09:43:53,16.9,45,76050,-1
09:43:50,16.91,6,10146,1
09:43:47,16.91,3,5073,1
09:43:44,16.91,36,60876,1
09:43:41,16.91,34,57494,-1
09:43:38,16.91,309,522519,-1
09:43:35,16.91,102,172482,-1
09:43:32,16.91,54,91314,-1
09:43:29,16.94,37,62678,1
09:43:26,16.93,70,118510,-1
09:43:23,16.94,259,438746,-1
09:43:20,16.94,72,121968,-1
09:43:17,16.94,109,184646,1
09:43:14,16.91,90,152190,-1
09:43:11,16.95,327,554265,1
09:43:08,16.94,15,25410,1
09:43:05,16.94,30,50820,1
09:43:02,16.94,42,71148,-1
09:42:56,16.95,94,159330,1
09:42:53,16.94,123,208362,1
09:42:50,16.91,16,27056,1
09:42:47,16.9,115,194349,-1
09:42:44,16.91,17,28747,1
09:42:41,16.9,21,35490,-1
09:42:38,16.91,5,8455,1
09:42:35,16.9,129,218009,1
09:42:32,16.86,99,166914,-1
09:42:29,16.88,45,75960,-1
09:42:26,16.9,437,738529,1
09:42:23,16.88,205,346040,1
09:42:20,16.87,36,60732,1
09:42:17,16.87,17,28679,-1
09:42:14,16.88,202,340976,1
09:42:11,16.87,7,11809,1
09:42:08,16.87,49,82663,-1
09:42:05,16.87,133,224371,-1
09:42:02,16.88,47,79336,1
09:41:59,16.87,40,67480,-1
09:41:56,16.87,54,91098,1
09:41:53,16.87,71,119777,1
09:41:47,16.87,13,21931,1
09:41:44,16.87,36,60732,-1
09:41:38,16.88,4,6752,1
09:41:35,16.87,74,124838,-1
09:41:32,16.88,5,8440,1
09:41:29,16.88,135,227880,1
09:41:26,16.87,52,87724,-1
09:41:23,16.88,40,67520,1
09:41:20,16.88,49,82712,1
09:41:17,16.87,11,18557,-1
09:41:14,16.88,22,37136,1
09:41:11,16.88,208,351104,1
09:41:08,16.87,193,325591,1
09:41:05,16.87,2,3374,1
09:41:02,16.87,39,65793,1
09:40:59,16.87,18,30366,1
09:40:56,16.86,78,131508,-1
09:40:53,16.88,11,18568,1
09:40:50,16.88,3,5064,1
09:40:47,16.87,30,50610,-1
09:40:44,16.88,4,6752,1
09:40:41,16.88,1,1688,1
09:40:38,16.87,32,53984,1
09:40:35,16.86,28,47208,1
09:40:29,16.86,22,37092,1
09:40:26,16.86,252,424872,1
09:40:23,16.86,6,10116,-1
09:40:20,16.87,74,124838,1
09:40:17,16.86,90,151740,1
09:40:14,16.86,44,74184,1
09:40:11,16.86,29,48894,1
09:40:08,16.86,22,37092,1
09:40:05,16.86,1,1686,1
09:40:02,16.86,21,35406,1
09:39:59,16.85,52,87620,-1
09:39:56,16.86,31,52266,1
09:39:53,16.86,172,289992,1
09:39:50,16.86,3,5058,1
09:39:47,16.86,43,72498,1
09:39:44,16.86,279,470394,1
09:39:41,16.86,68,114648,1
09:39:38,16.85,24,40440,-1
09:39:35,16.86,388,654168,1
09:39:32,16.86,44,74184,1
09:39:29,16.85,12,20220,-1
09:39:26,16.86,116,195576,1
09:39:23,16.86,10,16860,1
09:39:20,16.86,36,60696,1
09:39:17,16.86,30,50580,1
09:39:14,16.85,1,1685,-1
09:39:11,16.85,8,13480,-1
09:39:08,16.85,63,106155,-1
09:39:05,16.86,14,23604,1
09:39:02,16.85,20,33700,0
09:38:59,16.83,114,191861,0
09:38:56,16.85,39,65715,1
09:38:53,16.83,12,20195,1
09:38:50,16.83,29,48806,0
09:38:47,16.85,153,257805,-1
09:38:44,16.86,227,382722,1
09:38:41,16.85,58,97730,0
09:38:38,16.86,101,170286,1
09:38:35,16.84,0,0,0
09:38:32,16.84,6,10104,1
09:38:29,16.84,4,6736,0
09:38:26,16.86,80,134880,1
09:38:23,16.86,137,230982,1
09:38:20,16.85,86,144910,-1
09:38:17,16.86,5,8430,0
09:38:14,16.85,105,176925,-1
09:38:11,16.86,12,20232,1
09:38:08,16.84,11,18524,1
09:38:05,16.86,116,195576,1
09:38:02,16.84,29,48836,-1
09:37:59,16.86,7,11802,0
09:37:56,16.87,87,146769,1
09:37:53,16.84,12,20208,1
09:37:50,16.84,20,33680,-1
09:37:47,16.87,235,396445,1
09:37:44,16.84,17,28628,0
09:37:41,16.85,283,476855,1
09:37:38,16.84,17,28628,1
09:37:35,16.84,17,28628,1
09:37:32,16.84,77,129668,-1
09:37:29,16.87,221,372827,1
09:37:26,16.86,66,111276,1
09:37:23,16.86,24,40464,1
09:37:20,16.85,63,106155,1
09:37:17,16.87,117,197379,1
09:37:14,16.86,171,288306,1
09:37:11,16.86,20,33720,1
09:37:07,16.86,145,244470,-1
09:37:05,16.87,156,263172,1
09:37:02,16.87,3,5061,1
09:36:58,16.87,27,45549,1
09:36:55,16.87,14,23618,1
09:36:52,16.86,75,126450,1
09:36:50,16.86,78,131508,-1
09:36:46,16.88,126,212688,1
09:36:43,16.85,84,141540,-1
09:36:40,16.85,362,609970,1
09:36:37,16.85,54,90990,-1
09:36:34,16.86,89,150054,1
09:36:31,16.85,107,180295,-1
09:36:28,16.86,50,84300,1
09:36:25,16.85,123,207255,-1
09:36:22,16.85,73,123005,1
09:36:19,16.85,2,3370,1
09:36:16,16.85,19,32015,1
09:36:13,16.85,115,193775,1
09:36:10,16.83,1,1682,0
09:36:07,16.84,25,42100,1
09:36:04,16.84,33,55572,1
09:36:01,16.81,13,21853,-1
09:35:58,16.82,5,8410,1
09:35:55,16.8,139,233520,1
09:35:52,16.79,17,28543,-1
09:35:49,16.79,18,30222,-1
09:35:46,16.79,10,16790,1
09:35:43,16.79,20,33580,1
09:35:40,16.79,48,80592,1
09:35:37,16.79,9,15111,1
09:35:34,16.78,170,285260,1
09:35:31,16.77,1,1677,1
09:35:28,16.77,28,46956,1
09:35:25,16.77,14,23478,1
09:35:22,16.75,21,35175,1
09:35:19,16.74,25,41849,-1
09:35:16,16.74,296,495503,1
09:35:13,16.72,27,45144,-1
09:35:10,16.72,10,16720,-1
09:35:07,16.73,3,5019,-1
09:35:04,16.74,1,2092,1
09:35:01,16.73,47,78631,1
09:34:58,16.73,1,1673,1
09:34:55,16.7,52,86840,1
09:34:52,16.7,93,155310,-1
09:34:49,16.72,1,1672,1
09:34:46,16.72,17,28423,1
09:34:43,16.7,0,0,-1
09:34:40,16.7,2,3340,-1
09:34:37,16.73,5,8365,1
09:34:34,16.7,29,48430,-1
09:34:31,16.73,53,88669,1
09:34:28,16.7,80,133600,1
09:34:22,16.7,6,10020,1
09:34:19,16.7,24,40080,1
09:34:16,16.7,10,16700,-1
09:34:13,16.68,55,91740,-1
09:34:10,16.69,129,215301,-1
09:34:07,16.7,18,30060,0
09:34:04,16.73,30,50190,1
09:34:01,16.69,1,1669,1
09:33:58,16.69,9,15021,1
09:33:55,16.69,23,38387,0
09:33:52,16.69,96,160224,-1
09:33:49,16.7,14,23380,1
09:33:46,16.7,4,6680,1
09:33:43,16.7,28,46760,1
09:33:40,16.69,41,68429,0
09:33:37,16.7,212,354040,1
09:33:34,16.68,13,21684,1
09:33:31,16.68,23,38364,1
09:33:28,16.68,30,50040,-1
09:33:25,16.69,21,35049,-1
09:33:22,16.7,22,36740,1
09:33:19,16.7,2,3340,1
09:33:16,16.7,10,16700,1
09:33:13,16.7,89,148630,1
09:33:10,16.7,7,11690,-1
09:33:07,16.7,14,23380,-1
09:33:04,16.72,1,1672,1
09:33:01,16.7,19,31730,-1
09:32:58,16.72,4,6688,1
09:32:55,16.7,47,78490,1
09:32:52,16.7,5,8350,1
09:32:49,16.7,26,43420,-1
09:32:43,16.74,0,0,1
09:32:37,16.74,11,18414,0
09:32:34,16.68,118,196824,-1
09:32:31,16.75,25,41875,1
09:32:28,16.75,126,211050,1
09:32:25,16.75,66,110550,1
09:32:22,16.75,61,102175,1
09:32:19,16.75,96,160800,1
09:32:13,16.75,88,147400,1
09:32:10,16.75,93,155775,-1
09:32:04,16.77,102,171054,1
09:31:58,16.75,70,117250,-1
09:31:55,16.75,24,40200,-1
09:31:50,16.75,86,144050,1
09:31:47,16.71,3,5013,-1
09:31:42,16.74,89,148986,1
09:31:35,16.7,15,25050,-1
09:31:32,16.71,14,23394,1
09:31:29,16.71,12,20052,1
09:31:26,16.71,4,6684,1
09:31:23,16.7,118,197060,1
09:31:20,16.67,5,8335,-1
09:31:17,16.67,7,11669,1
09:31:14,16.66,4,6664,1
09:31:11,16.66,50,83300,0
09:31:08,16.69,72,120168,1
09:31:05,16.64,28,46592,-1
09:31:02,16.67,9,15003,1
09:30:59,16.63,31,51553,0
09:30:56,16.62,119,197778,-1
09:30:53,16.66,249,414834,1
09:30:50,16.63,80,133040,-1
09:30:47,16.63,5,8315,-1
09:30:44,16.66,27,44982,1
09:30:41,16.66,100,166600,1
09:30:38,16.62,26,43212,1
09:30:35,16.62,26,43212,-1
09:30:32,16.65,18,29969,0
09:30:29,16.62,128,212736,-1
09:30:26,16.65,127,211454,1
09:30:23,16.62,11,18282,-1
09:30:20,16.62,39,64818,-1
09:30:17,16.63,75,124724,-1
09:30:14,16.63,15,24945,-1
09:30:11,16.65,47,78255,1
09:30:08,16.63,66,109758,-1
09:30:05,16.66,438,729708,-1
09:30:02,16.66,198,329868,-1
09:28:51,16.66,0,0,-1
09:25:03,16.66,479,798014,1
