timestamp,price,volume,turnover,direction
15:00:00,16.78,0,0,0
15:00:00,16.79,0,0,1
15:00:00,16.79,136,228344,1
14:59:57,16.78,105,176190,-1
14:59:54,16.78,58,97324,-1
14:59:51,16.78,239,401042,-1
14:59:48,16.79,39,65481,1
14:59:45,16.79,21,35259,1
14:59:42,16.78,14,23492,-1
14:59:39,16.78,7,11746,1
14:59:36,16.76,39,65364,-1
14:59:33,16.77,247,414219,1
14:59:30,16.77,2,3354,1
14:59:27,16.77,28,46956,1
14:59:24,16.76,4,6704,1
14:59:21,16.76,61,102236,-1
14:59:18,16.78,44,73832,1
14:59:15,16.78,133,223174,1
14:59:12,16.78,39,65442,1
14:59:09,16.77,13,21801,-1
14:59:06,16.78,16,26848,1
14:59:03,16.77,93,155961,1
14:59:00,16.77,308,516516,1
14:58:57,16.76,17,28492,-1
14:58:54,16.76,44,73744,-1
14:58:51,16.76,62,103912,-1
14:58:48,16.76,100,167600,-1
14:58:45,16.77,37,62049,1
14:58:42,16.76,110,184360,-1
14:58:39,16.76,32,53632,-1
14:58:36,16.76,24,40224,-1
14:58:33,16.77,6,10062,1
14:58:30,16.77,77,129129,1
14:58:27,16.76,62,103912,1
14:58:24,16.76,130,217880,1
14:58:21,16.76,325,544700,1
14:58:18,16.76,27,45252,1
14:58:15,16.76,18,30168,1
14:58:12,16.76,5,8380,1
14:58:09,16.76,8,13408,1
14:58:06,16.76,30,50280,1
14:58:03,16.76,386,647438,1
14:58:00,16.75,28,46900,1
14:57:57,16.75,30,50250,1
14:57:54,16.74,161,269514,1
14:57:51,16.74,158,264492,1
14:57:48,16.73,10,16730,-1
14:57:45,16.74,35,58589,1
14:57:42,16.73,158,264334,-1
14:57:39,16.73,7,11711,-1
14:57:36,16.74,13,21761,1
14:57:33,16.74,129,215945,1
14:57:30,16.74,136,227663,1
14:57:27,16.73,25,41825,-1
14:57:24,16.73,50,83650,-1
14:57:21,16.74,9,15065,1
14:57:18,16.73,28,46844,-1
14:57:15,16.74,7,11717,1
14:57:12,16.74,26,43523,1
14:57:09,16.74,173,289602,1
14:57:06,16.73,41,68593,-1
14:57:03,16.73,8,13384,-1
14:57:00,16.74,13,21761,1
14:56:57,16.73,41,68593,-1
14:56:54,16.73,233,389809,1
14:56:51,16.72,76,127071,-1
14:56:48,16.72,6,10032,-1
14:56:45,16.73,28,46844,1
14:56:42,16.72,263,439735,-1
14:56:39,16.73,79,132167,1
14:56:36,16.72,139,232407,-1
14:56:33,16.72,152,254143,-1
14:56:30,16.72,67,112023,-1
14:56:27,16.72,71,118711,-1
14:56:24,16.73,3,5019,1
14:56:21,16.72,14,23408,-1
14:56:18,16.72,30,50160,-1
14:56:15,16.73,16,26768,1
14:56:12,16.72,28,46816,-1
14:56:09,16.72,42,70224,-1
14:56:06,16.72,5,8360,-1
14:56:03,16.73,1,1673,1
14:56:00,16.73,19,31787,-1
14:55:57,16.73,54,90342,1
14:55:54,16.73,149,249277,-1
14:55:51,16.73,381,637413,-1
14:55:48,16.73,86,143878,-1
14:55:45,16.73,10,16730,-1
14:55:41,16.73,28,46844,-1
14:55:36,16.74,5,8370,1
14:55:32,16.74,46,77004,-1
14:55:30,16.74,15,25109,-1
14:55:26,16.74,51,85373,-1
14:55:23,16.75,2,3350,1
14:55:20,16.74,25,41849,0
14:55:17,16.73,21,35133,-1
14:55:14,16.74,1,1673,0
14:55:11,16.75,8,13400,1
14:55:08,16.73,57,95361,-1
14:55:05,16.75,28,46900,1
14:55:02,16.75,201,336675,1
14:54:59,16.74,4,6695,1
14:54:56,16.73,52,86996,-1
14:54:53,16.74,46,78175,-1
14:54:50,16.75,7,11725,1
14:54:47,16.74,51,85373,-1
14:54:44,16.74,20,33480,-1
14:54:40,16.74,6,10043,-1
14:54:38,16.75,4,6700,1
14:54:35,16.74,21,35154,-1
14:54:33,16.75,133,222775,1
14:54:29,16.75,182,304850,1
14:54:23,16.74,259,433565,-1
14:54:17,16.75,48,80400,1
14:54:14,16.74,22,36828,-1
14:54:08,16.75,7,11725,1
14:54:02,16.75,23,38525,0
14:53:59,16.75,169,283075,-1
14:53:53,16.75,23,38525,-1
14:53:49,16.75,20,33500,-1
14:53:46,16.75,47,78725,-1
14:53:44,16.75,129,216075,1
14:53:40,16.75,28,46900,-1
14:53:37,16.75,18,30150,-1
14:53:34,16.76,37,62012,1
14:53:31,16.76,33,55308,1
14:53:28,16.76,7,11732,0
14:53:25,16.77,197,330369,1
14:53:22,16.76,61,102236,-1
14:53:19,16.76,48,80448,-1
14:53:16,16.76,25,41900,-1
14:53:13,16.76,10,16760,-1
14:53:10,16.76,3,5028,-1
14:53:07,16.77,2,3354,1
14:53:04,16.76,35,58660,1
14:53:01,16.77,204,342108,1
14:52:58,16.74,711,1190214,-1
14:52:55,16.76,18,30168,1
14:52:52,16.75,8,13400,-1
14:52:49,16.76,13,21788,1
14:52:46,16.76,10,16760,1
14:52:43,16.76,65,108940,-1
14:52:40,16.76,10,16760,-1
14:52:37,16.77,2,3354,1
14:52:34,16.77,6,10062,1
14:52:31,16.76,23,38548,-1
14:52:28,16.76,55,92180,-1
14:52:25,16.77,30,50310,1
14:52:22,16.76,3,5028,0
14:52:19,16.77,228,382356,1
14:52:16,16.76,25,41900,1
14:52:13,16.76,1,1676,1
14:52:10,16.76,26,43576,-1
14:52:07,16.76,9,15084,-1
14:52:04,16.76,42,70392,-1
14:52:01,16.77,41,68757,1
14:51:58,16.76,13,21788,-1
14:51:55,16.77,18,30186,1
14:51:52,16.77,30,50310,1
14:51:49,16.77,1,1677,1
14:51:46,16.77,37,62049,1
14:51:43,16.77,1,1677,0
14:51:40,16.78,251,421178,1
14:51:37,16.76,10,16760,-1
14:51:34,16.76,30,50280,-1
14:51:31,16.76,56,93856,-1
14:51:25,16.77,20,33540,1
14:51:22,16.77,4,6708,1
14:51:19,16.77,12,20124,1
14:51:16,16.76,61,102236,-1
14:51:13,16.76,3,5028,-1
14:51:10,16.77,36,60372,1
14:51:07,16.76,4,6704,-1
14:51:04,16.76,152,254752,-1
14:51:01,16.77,3,5031,1
14:50:58,16.77,4,6708,1
14:50:55,16.76,40,67040,-1
14:50:52,16.76,55,92180,-1
14:50:49,16.76,3,5028,-1
14:50:46,16.76,10,16760,-1
14:50:43,16.77,10,16770,1
14:50:40,16.77,2,3354,1
14:50:37,16.76,5,8380,-1
14:50:34,16.77,7,11739,1
14:50:31,16.77,15,25155,1
14:50:28,16.77,12,20124,1
14:50:25,16.77,85,142545,-1
14:50:22,16.78,6,10068,1
14:50:19,16.77,2,3354,-1
14:50:16,16.77,17,28509,-1
14:50:13,16.78,3,5034,1
14:50:04,16.78,3,5034,1
14:50:01,16.77,5,8385,-1
14:49:58,16.77,22,36894,-1
14:49:55,16.77,24,40248,-1
14:49:52,16.78,13,21814,1
14:49:49,16.77,28,46956,-1
14:49:46,16.77,25,41925,-1
14:49:43,16.77,1,1677,-1
14:49:40,16.77,39,65403,-1
14:49:37,16.77,6,10062,-1
14:49:34,16.78,18,30204,1
14:49:31,16.77,2,3354,1
14:49:28,16.77,15,25155,1
14:49:25,16.77,31,51987,1
14:49:22,16.76,244,408944,-1
14:49:19,16.76,4,6704,-1
14:49:16,16.77,2,3354,1
14:49:13,16.77,1,1677,1
14:49:07,16.77,12,20124,1
14:49:04,16.77,4,6708,1
14:49:01,16.77,141,236457,-1
14:48:58,16.78,7,11746,-1
14:48:55,16.77,6,10062,-1
14:48:52,16.78,5,8390,0
14:48:49,16.77,9,15093,-1
14:48:46,16.77,106,177762,-1
14:48:43,16.78,8,13424,1
14:48:37,16.77,34,57018,-1
14:48:34,16.78,2,3356,1
14:48:31,16.77,4,6708,-1
14:48:28,16.78,18,30204,0
14:48:25,16.79,22,36938,1
14:48:22,16.78,4,6712,0
14:48:19,16.79,36,60444,1
14:48:16,16.78,52,87256,-1
14:48:10,16.78,10,16780,-1
14:48:07,16.78,1,1678,-1
14:47:58,16.79,4,6716,1
14:47:55,16.79,32,53728,1
14:47:52,16.79,1,1679,1
14:47:49,16.79,1,1679,1
14:47:46,16.78,12,20136,-1
14:47:43,16.78,6,10068,-1
14:47:37,16.79,20,33580,0
14:47:34,16.8,217,364560,1
14:47:31,16.8,5,8400,1
14:47:25,16.79,54,90666,-1
14:47:22,16.8,1,1680,1
14:47:19,16.8,23,38640,1
14:47:16,16.79,8,13432,-1
14:47:13,16.8,2,3360,1
14:47:10,16.8,4,6720,1
14:47:07,16.8,20,33600,1
14:47:04,16.8,22,36960,1
14:47:01,16.8,22,36960,1
14:46:55,16.8,4,6720,1
14:46:52,16.78,37,62086,-1
14:46:49,16.78,3,5034,-1
14:46:46,16.78,3,5034,-1
14:46:40,16.8,4,6720,1
14:46:37,16.8,32,53760,1
14:46:34,16.8,31,52080,1
14:46:31,16.8,14,23520,1
14:46:28,16.8,24,40320,-1
14:46:25,16.8,19,31920,1
14:46:22,16.8,25,42000,-1
14:46:19,16.81,7,11767,1
14:46:16,16.81,78,131118,1
14:46:13,16.8,18,30240,-1
14:46:10,16.8,4,6720,-1
14:46:07,16.8,18,30240,-1
14:46:04,16.81,1,1680,1
14:46:00,16.81,9,15128,1
14:45:58,16.81,10,16810,1
14:45:55,16.81,106,178186,1
14:45:52,16.81,895,1504495,1
14:45:48,16.81,21,35301,1
14:45:46,16.81,5,8405,1
14:45:42,16.8,21,35280,-1
14:45:39,16.81,1,1680,1
14:45:36,16.81,13,21853,1
14:45:33,16.81,10,16810,1
14:45:30,16.8,97,162960,-1
14:45:27,16.81,57,95816,1
14:45:24,16.8,35,58800,-1
14:45:21,16.81,48,80688,1
14:45:18,16.81,407,684167,1
14:45:16,16.81,30,50429,1
14:45:12,16.81,72,121031,1
14:45:09,16.8,15,25200,-1
14:45:06,16.8,36,60480,-1
14:45:00,16.81,13,21853,1
14:44:57,16.81,8,13447,1
14:44:54,16.8,101,169680,-1
14:44:51,16.81,120,201719,1
14:44:48,16.81,30,50429,1
14:44:45,16.8,336,564480,-1
14:44:42,16.81,14,23534,1
14:44:39,16.81,29,48748,1
14:44:36,16.8,55,92400,-1
14:44:27,16.81,6,10086,1
14:44:24,16.81,32,53791,1
14:44:12,16.81,2,3361,1
14:44:09,16.8,14,23520,-1
14:44:03,16.81,1,1680,-1
14:44:00,16.82,2,3364,1
14:43:57,16.81,18,30257,1
14:43:54,16.8,33,55440,-1
14:43:48,16.81,5,8405,1
14:43:45,16.81,4,6723,1
14:43:42,16.81,25,42025,1
14:43:39,16.81,9,15128,1
14:43:36,16.81,33,55472,1
14:43:33,16.81,421,707701,1
14:43:30,16.81,2,3361,1
14:43:27,16.81,2,3361,1
14:43:24,16.81,20,33620,1
14:43:21,16.81,14,23534,1
14:43:18,16.81,26,43706,-1
14:43:15,16.82,14,23548,1
14:43:12,16.82,11,18502,1
14:43:09,16.82,72,121104,-1
14:43:06,16.82,13,21866,-1
14:43:03,16.83,15,25244,1
14:43:00,16.83,132,222155,1
14:42:57,16.81,4,6723,-1
14:42:54,16.81,5,8405,-1
14:42:51,16.82,1,1682,1
14:42:48,16.81,10,16810,-1
14:42:45,16.82,2,3364,1
14:42:42,16.81,20,33620,0
14:42:39,16.82,6,10092,1
14:42:36,16.82,68,114376,1
14:42:33,16.81,10,16810,-1
14:42:30,16.82,8,13456,1
14:42:27,16.81,86,144566,-1
14:42:24,16.81,2,3361,1
14:42:21,16.82,0,0,1
14:42:18,16.82,1,1682,1
14:42:15,16.82,6,10092,1
14:42:12,16.81,12,20172,0
14:42:09,16.82,29,48778,1
14:42:06,16.8,368,618240,-1
14:42:03,16.81,9,15128,-1
14:41:57,16.82,3,5046,1
14:41:54,16.82,20,33640,1
14:41:51,16.82,17,28594,1
14:41:48,16.8,200,336000,-1
14:41:45,16.82,5,8410,1
14:41:42,16.82,2,3364,1
14:41:39,16.81,10,16810,-1
14:41:36,16.82,2,3364,1
14:41:33,16.82,16,26912,1
14:41:30,16.81,4,6723,-1
14:41:27,16.82,1,1682,1
14:41:24,16.81,13,21853,1
14:41:15,16.81,4,6723,1
14:41:12,16.8,54,90720,-1
14:41:09,16.81,504,847223,1
14:41:06,16.77,2,3354,-1
14:41:03,16.77,1,1677,-1
14:41:00,16.78,2,3356,1
14:40:57,16.78,5,8390,1
14:40:54,16.78,33,55374,1
14:40:51,16.76,200,335200,-1
14:40:48,16.78,6,10068,1
14:40:45,16.77,10,16770,-1
14:40:42,16.78,5,8390,1
14:40:39,16.78,9,15102,1
14:40:36,16.78,12,20136,1
14:40:33,16.77,44,73788,-1
14:40:30,16.78,5,8390,1
14:40:27,16.78,8,13424,1
14:40:24,16.77,67,112359,-1
14:40:15,16.78,1,1678,1
14:40:09,16.77,10,16770,-1
14:40:06,16.78,2,3356,1
14:40:03,16.78,26,43628,1
14:40:00,16.78,1,1678,1
14:39:57,16.78,4,6712,1
14:39:54,16.78,17,28526,1
14:39:48,16.78,1,1678,1
14:39:45,16.78,12,20136,1
14:39:33,16.78,11,18458,1
14:39:30,16.78,54,90612,1
14:39:27,16.78,2,3356,1
14:39:24,16.78,18,30204,1
14:39:15,16.78,11,18458,-1
14:39:12,16.78,10,16780,-1
14:39:02,16.79,1,1679,1
14:39:00,16.79,5,8395,1
14:38:57,16.77,33,55341,-1
14:38:54,16.79,18,30222,1
14:38:50,16.78,6,10068,-1
14:38:48,16.78,20,33560,-1
14:38:45,16.79,2,3358,1
14:38:41,16.78,21,35238,-1
14:38:39,16.79,3,5037,1
14:38:35,16.78,26,43628,1
14:38:30,16.78,1,1678,1
14:38:27,16.78,9,15102,1
14:38:23,16.77,11,18447,0
14:38:21,16.76,10,16760,-1
14:38:17,16.78,1,1678,1
14:38:15,16.76,10,16760,-1
14:38:11,16.78,0,0,0
14:38:09,16.78,4,6712,1
14:38:06,16.78,1,1678,1
14:38:02,16.76,9,15084,-1
14:37:59,16.78,8,13424,-1
14:37:56,16.76,15,25140,-1
14:37:53,16.79,17,28543,1
14:37:50,16.78,28,46984,1
14:37:47,16.78,1,1678,1
14:37:44,16.78,6,10068,-1
14:37:38,16.78,3,5034,-1
14:37:35,16.79,24,40296,1
14:37:29,16.79,1,1679,1
14:37:26,16.79,12,20148,1
14:37:23,16.78,142,238276,1
14:37:20,16.76,48,80448,-1
14:37:17,16.77,2,3354,0
14:37:14,16.78,14,23492,1
14:37:11,16.77,3,5031,-1
14:37:08,16.78,2,3356,1
14:37:05,16.76,11,18436,-1
14:36:59,16.78,3,5034,-1
14:36:56,16.79,2,3358,1
14:36:53,16.79,17,28543,1
14:36:44,16.79,8,13432,1
14:36:41,16.76,100,167600,-1
14:36:32,16.79,2,3358,1
14:36:29,16.79,30,50370,-1
14:36:26,16.8,18,30240,1
14:36:16,16.8,8,13440,1
14:36:13,16.8,2,3360,1
14:36:10,16.79,7,11753,-1
14:36:07,16.8,12,20160,1
14:36:01,16.79,28,47012,-1
14:35:55,16.79,27,45333,-1
14:35:52,16.79,8,13432,-1
14:35:49,16.79,2,3358,-1
14:35:46,16.8,1,1680,1
14:35:43,16.8,1,1680,1
14:35:40,16.8,1,1680,1
14:35:37,16.8,2,3360,1
14:35:34,16.8,2,3360,1
14:35:31,16.79,34,57086,-1
14:35:28,16.79,15,25185,-1
14:35:25,16.8,22,36960,1
14:35:22,16.8,1,1680,1
14:35:16,16.79,17,28543,-1
14:35:13,16.8,2,3360,1
14:35:07,16.8,12,20160,-1
14:35:01,16.81,3,5043,1
14:34:58,16.81,3,5043,1
14:34:55,16.81,19,31938,1
14:34:52,16.81,6,10086,1
14:34:49,16.8,21,35280,-1
14:34:46,16.81,71,119350,-1
14:34:43,16.81,2,3361,-1
14:34:40,16.82,1,1682,1
14:34:37,16.82,7,11774,1
14:34:34,16.82,14,23548,1
14:34:31,16.82,19,31958,-1
14:34:28,16.82,15,25230,-1
14:34:22,16.82,19,31958,1
14:34:19,16.82,51,85782,1
14:34:16,16.79,41,68839,-1
14:34:13,16.79,3,5037,-1
14:34:10,16.8,136,228480,-1
14:34:07,16.81,20,33620,-1
14:34:04,16.84,26,43784,1
14:34:01,16.81,6,10086,0
14:33:58,16.79,146,245134,-1
14:33:55,16.79,23,38617,-1
14:33:52,16.79,4,6716,-1
14:33:49,16.79,5,8395,-1
14:33:46,16.8,7,11760,1
14:33:43,16.81,3,5043,1
14:33:40,16.81,3,5043,1
14:33:37,16.79,33,55407,-1
14:33:34,16.79,42,70518,-1
14:33:31,16.75,50,83750,-1
14:33:28,16.81,287,482446,1
14:33:25,16.75,34,56950,-1
14:33:22,16.78,1297,2176869,1
14:33:19,16.74,54,90395,-1
14:33:16,16.74,94,157355,-1
14:33:13,16.75,8,13400,1
14:33:10,16.74,115,192509,-1
14:33:07,16.74,85,142290,-1
14:33:04,16.75,49,82075,1
14:33:01,16.75,39,65325,1
14:32:58,16.74,126,210923,-1
14:32:55,16.75,148,247900,1
14:32:52,16.75,2,3350,1
14:32:49,16.75,198,331650,1
14:32:43,16.75,2157,3614147,-1
14:32:37,16.79,5,8395,-1
14:32:34,16.79,1,1679,-1
14:32:31,16.8,2,3360,1
14:32:28,16.8,1,1680,0
14:32:25,16.81,19,31938,1
14:32:22,16.8,1,1680,1
14:32:19,16.8,26,43680,1
14:32:13,16.8,31,52080,-1
14:32:10,16.81,6,10086,1
14:32:07,16.8,21,35280,-1
14:32:04,16.8,9,15120,-1
14:32:01,16.8,9,15120,-1
14:31:58,16.81,31,52110,1
14:31:55,16.81,19,31938,1
14:31:52,16.8,13,21840,-1
14:31:49,16.81,16,26895,1
14:31:46,16.81,2,3361,1
14:31:43,16.81,2,3361,1
14:31:40,16.8,14,23520,-1
14:31:37,16.81,5,8405,1
14:31:34,16.8,59,99120,-1
14:31:31,16.81,39,65559,-1
14:31:28,16.81,2,3361,-1
14:31:25,16.81,27,45387,1
14:31:19,16.81,100,168100,1
14:31:04,16.81,6,10086,-1
14:31:01,16.82,0,0,1
14:30:58,16.82,32,53824,1
14:30:55,16.81,17,28576,1
14:30:52,16.81,1,1680,1
14:30:49,16.81,9,15128,-1
14:30:43,16.82,6,10092,1
14:30:40,16.82,3,5046,1
14:30:37,16.82,71,119422,1
14:30:34,16.81,36,60515,-1
14:30:31,16.82,1,1682,1
14:30:28,16.82,16,26912,1
14:30:25,16.82,20,33640,1
14:30:22,16.82,7,11774,1
14:30:19,16.82,13,21866,1
14:30:16,16.83,0,0,1
14:30:13,16.83,20,33660,1
14:30:04,16.82,2,3364,-1
14:30:01,16.83,1,1682,1
14:29:58,16.83,2,3365,1
14:29:55,16.83,17,28610,1
14:29:52,16.82,10,16820,-1
14:29:40,16.83,1,1682,1
14:29:37,16.83,16,26927,-1
14:29:31,16.84,1,1684,1
14:29:28,16.84,12,20208,1
14:29:25,16.84,17,28628,1
14:29:13,16.84,3,5052,1
14:29:10,16.83,11,18512,-1
14:29:01,16.84,2,3368,1
14:28:58,16.83,6,10097,-1
14:28:55,16.83,46,77417,1
14:28:52,16.82,9,15138,-1
14:28:49,16.82,1,1682,-1
14:28:46,16.84,0,0,1
14:28:43,16.84,2,3368,1
14:28:40,16.82,13,21866,-1
14:28:37,16.84,9,15156,1
14:28:34,16.83,95,159884,1
14:28:31,16.83,3,5048,1
14:28:28,16.83,22,37025,1
14:28:25,16.83,23,38708,1
14:28:19,16.83,1,1682,1
14:28:16,16.83,11,18512,1
14:28:01,16.83,3,5048,1
14:27:58,16.83,13,21878,1
14:27:55,16.82,32,53824,1
14:27:52,16.82,4,6728,1
14:27:49,16.81,60,100859,-1
14:27:40,16.82,5,8410,1
14:27:36,16.82,4,6728,1
14:27:34,16.82,44,74008,0
14:27:31,16.83,1,1682,1
14:27:27,16.81,2,3361,-1
14:27:18,16.85,1,1685,1
14:27:15,16.85,1,1685,1
14:27:12,16.85,6,10110,1
14:27:09,16.85,34,57290,1
14:27:06,16.85,4,6740,1
14:27:03,16.85,43,72455,1
14:27:00,16.84,44,74096,1
14:26:57,16.84,21,35364,-1
14:26:54,16.85,22,37070,1
14:26:51,16.85,18,30330,1
14:26:48,16.85,38,64030,1
14:26:45,16.84,4,6736,-1
14:26:42,16.85,6,10110,1
14:26:33,16.85,1,1685,1
14:26:30,16.85,4,6740,1
14:26:27,16.85,9,15165,1
14:26:24,16.85,94,158390,-1
14:26:21,16.85,4,6740,-1
14:26:15,16.86,3,5058,1
14:26:12,16.86,32,53952,1
14:26:09,16.86,1,1686,1
14:26:06,16.86,12,20232,1
14:26:03,16.86,134,225924,1
14:26:00,16.85,21,35385,-1
14:25:57,16.86,2,3372,1
14:25:54,16.86,20,33720,1
14:25:51,16.86,19,32034,1
14:25:48,16.86,58,97788,1
14:25:45,16.85,15,25275,-1
14:25:42,16.86,36,60696,1
14:25:36,16.85,1,1685,-1
14:25:33,16.85,2,3370,-1
14:25:27,16.86,10,16860,1
14:25:24,16.85,7,11795,1
14:25:21,16.84,5,8420,-1
14:25:18,16.86,39,65754,1
14:25:09,16.86,2,3372,1
14:25:06,16.86,8,13488,1
14:25:00,16.86,8,13488,1
14:24:57,16.85,101,170185,1
14:24:54,16.84,27,45468,-1
14:24:51,16.85,1,1685,1
14:24:48,16.84,5,8420,-1
14:24:45,16.85,1,1685,1
14:24:42,16.85,16,26960,1
14:24:39,16.85,2,3370,1
14:24:36,16.85,33,55605,1
14:24:33,16.85,1,1685,1
14:24:30,16.85,4,6740,1
14:24:27,16.85,31,52235,1
14:24:24,16.85,22,37070,1
14:24:21,16.85,52,87620,1
14:24:18,16.85,1,1685,1
14:24:15,16.85,6,10110,1
14:24:12,16.85,42,70770,1
14:24:09,16.85,1,1685,1
14:24:06,16.84,6,10104,-1
14:24:00,16.85,4,6740,1
14:23:57,16.84,46,77464,1
14:23:54,16.84,61,102724,1
14:23:51,16.84,43,72412,1
14:23:45,16.83,2,3365,-1
14:23:42,16.83,5,8415,-1
14:23:39,16.84,1,1684,1
14:23:36,16.84,11,18524,1
14:23:33,16.84,6,10104,1
14:23:30,16.84,37,62308,1
14:23:27,16.84,1,1684,1
14:23:24,16.84,18,30312,1
14:23:18,16.84,2,3368,1
14:23:15,16.84,12,20208,1
14:23:12,16.84,22,37048,1
14:23:09,16.83,32,53855,-1
14:23:06,16.84,66,111144,1
14:23:03,16.83,3,5048,-1
14:23:00,16.83,19,31976,1
14:22:57,16.82,5,8410,-1
14:22:54,16.82,31,52142,-1
14:22:48,16.84,4,6736,1
14:22:45,16.83,35,58904,1
14:22:39,16.83,1,1682,1
14:22:36,16.83,11,18512,1
14:22:33,16.81,103,173143,-1
14:22:30,16.83,18,30293,1
14:22:27,16.83,107,180080,-1
14:22:24,16.84,55,92620,1
14:22:15,16.84,1,1684,1
14:22:12,16.84,7,11788,0
14:22:09,16.85,24,40440,1
14:22:06,16.85,1,1685,1
14:22:03,16.85,13,21905,1
14:22:00,16.84,19,31996,1
14:21:54,16.85,0,0,1
14:21:51,16.85,1,1685,1
14:21:48,16.85,9,15165,1
14:21:45,16.84,6,10104,-1
14:21:42,16.85,3,5055,1
14:21:39,16.85,37,62345,1
14:21:36,16.84,2,3368,1
14:21:33,16.85,0,0,1
14:21:30,16.85,1,1685,1
14:21:27,16.85,18,30330,1
14:21:24,16.84,34,57256,-1
14:21:21,16.85,7,11795,1
14:21:17,16.85,36,60660,1
14:21:02,16.85,15,25275,1
14:21:00,16.85,2,3370,1
14:20:57,16.85,4,6740,1
14:20:54,16.85,60,101100,1
14:20:51,16.82,92,154744,-1
14:20:47,16.85,11,18535,1
14:20:45,16.85,22,37070,1
14:20:42,16.84,54,90936,1
14:20:32,16.84,1,2896,1
14:20:29,16.81,200,336200,-1
14:20:26,16.82,1,1682,1
14:20:23,16.82,34,57188,1
14:20:20,16.82,19,32428,-1
14:20:14,16.82,0,1211,1
14:20:11,16.82,130,219130,-1
14:20:08,16.85,2,3370,1
14:20:05,16.85,14,23590,1
14:20:02,16.83,70,117809,-1
14:19:59,16.85,1,1685,1
14:19:56,16.85,1,1685,1
14:19:53,16.83,6,10097,1
14:19:50,16.82,41,68962,-1
14:19:47,16.83,6,10097,1
14:19:44,16.83,3,5048,1
14:19:41,16.82,54,90828,-1
14:19:38,16.83,1,1682,1
14:19:35,16.83,13,21878,-1
14:19:32,16.82,56,94192,-1
14:19:29,16.82,77,130725,-1
14:19:26,16.83,47,79100,1
14:19:23,16.83,146,245717,1
14:19:20,16.82,24,40368,-1
14:19:17,16.82,7,11774,-1
14:19:14,16.83,1,1682,1
14:19:11,16.83,11,18512,1
14:19:08,16.82,20,33640,-1
14:19:05,16.83,40,67320,1
14:19:02,16.82,14,23548,0
14:18:59,16.82,12,20184,-1
14:18:56,16.82,56,94192,-1
14:18:53,16.82,40,67280,-1
14:18:50,16.83,9,15146,1
14:18:47,16.82,10,16820,-1
14:18:44,16.83,5,8415,-1
14:18:41,16.85,37,62345,1
14:18:38,16.84,61,102724,1
14:18:35,16.85,0,0,1
14:18:31,16.85,1,1685,1
14:18:29,16.85,9,15165,1
14:18:25,16.85,4,6740,1
14:18:22,16.85,56,94360,1
14:18:19,16.85,25,42125,-1
14:18:13,16.86,1,1686,1
14:18:07,16.86,12,20232,1
14:18:04,16.86,0,0,1
14:18:01,16.86,40,67440,1
14:17:58,16.86,2,3372,1
14:17:55,16.86,16,26976,1
14:17:52,16.86,50,84300,-1
14:17:49,16.87,9,15183,1
14:17:46,16.86,507,854802,-1
14:17:43,16.87,28,47236,1
14:17:40,16.86,54,91044,1
14:17:37,16.86,113,190518,-1
14:17:34,16.86,5,8430,-1
14:17:31,16.87,2,3374,1
14:17:28,16.87,86,145554,-1
14:17:25,16.87,25,42175,-1
14:17:22,16.88,2,3376,1
14:17:16,16.87,55,92785,-1
14:17:07,16.88,1,1688,1
14:17:04,16.87,2,3374,-1
14:17:01,16.88,19,32071,1
14:16:58,16.87,2,3374,-1
14:16:55,16.88,77,129975,1
14:16:52,16.88,1,1688,1
14:16:46,16.88,3,5064,1
14:16:43,16.87,11,18557,-1
14:16:40,16.88,39,65832,1
14:16:34,16.88,11,18568,1
14:16:28,16.88,178,301679,1
14:16:25,16.86,110,185460,-1
14:16:22,16.87,8,13496,1
14:16:16,16.86,3,5058,-1
14:16:10,16.86,22,37092,1
14:16:07,16.85,2,3370,-1
14:16:04,16.85,1,1685,-1
14:16:01,16.86,4,6744,1
14:15:58,16.86,2,3372,1
14:15:55,16.86,42,70812,1
14:15:49,16.85,46,77510,-1
14:15:40,16.86,1,1686,1
14:15:37,16.85,4,6740,-1
14:15:34,16.85,15,25275,-1
14:15:31,16.86,14,23604,1
14:15:28,16.86,14,23604,1
14:15:25,16.86,53,89358,1
14:15:22,16.86,5,8430,1
14:15:19,16.86,2,3372,1
14:15:16,16.85,8,13480,-1
14:15:13,16.86,14,23604,1
14:15:10,16.86,3,5058,1
14:15:07,16.86,1,1686,1
14:15:04,16.86,37,62382,1
14:15:01,16.86,1,1686,1
14:14:58,16.86,5,8430,1
14:14:55,16.85,1,1685,1
14:14:52,16.85,0,0,0
14:14:49,16.85,15,25275,1
14:14:46,16.85,1,1685,1
14:14:43,16.85,88,148280,1
14:14:37,16.85,10,16850,1
14:14:34,16.85,1,1685,1
14:14:31,16.85,1,1685,1
14:14:28,16.85,8,13480,1
14:14:25,16.85,17,28645,1
14:14:22,16.85,2,3370,1
14:14:19,16.84,17,28628,-1
14:14:16,16.84,5,8420,-1
14:14:13,16.85,74,124690,1
14:14:07,16.84,11,18524,1
14:14:04,16.83,4,6731,-1
14:14:01,16.84,2,3368,1
14:13:58,16.84,37,62308,1
14:13:55,16.84,23,38732,1
14:13:52,16.84,4,6736,1
14:13:46,16.84,6,10104,1
14:13:43,16.84,6,10104,1
14:13:40,16.84,2,3368,1
14:13:37,16.84,11,18524,1
14:13:34,16.84,31,52204,1
14:13:31,16.84,84,141456,-1
14:13:28,16.85,2,3370,1
14:13:25,16.84,24,40416,-1
14:13:22,16.85,16,26960,1
14:13:19,16.85,2,3370,1
14:13:16,16.84,4,6736,-1
14:13:13,16.85,39,65715,1
14:13:07,16.84,11,18524,-1
14:13:01,16.85,152,256120,1
14:12:58,16.84,4,6736,1
14:12:55,16.84,16,26944,0
14:12:52,16.85,37,62345,1
14:12:49,16.85,0,0,1
14:12:43,16.85,2,3370,1
14:12:40,16.85,6,10110,1
14:12:37,16.85,9,15165,1
14:12:34,16.85,111,187035,1
14:12:31,16.84,9,15156,-1
14:12:25,16.84,11,18524,1
14:12:22,16.83,3,5048,-1
14:12:19,16.84,1,1684,1
14:12:16,16.84,8,13472,1
14:12:13,16.84,6,10104,1
14:12:07,16.84,36,60624,1
14:12:01,16.84,1,1684,1
14:11:58,16.84,4,6736,1
14:11:55,16.84,1,1684,1
14:11:52,16.84,2,3368,1
14:11:46,16.84,38,63992,1
14:11:43,16.83,11,18512,0
14:11:34,16.83,0,0,0
14:11:31,16.83,14,23561,1
14:11:28,16.8,48,80640,-1
14:11:25,16.83,16,26927,1
14:11:16,16.83,2,3365,1
14:11:10,16.83,38,63953,1
14:11:07,16.82,12,20184,-1
14:11:01,16.82,29,48778,1
14:10:52,16.82,10,16820,-1
14:10:49,16.82,8,13456,1
14:10:43,16.82,4,6728,1
14:10:40,16.82,63,105966,1
14:10:34,16.82,7,11774,1
14:10:31,16.81,8,13447,-1
14:10:25,16.81,11,18491,1
14:10:21,16.81,2,3361,1
14:10:19,16.81,37,62196,1
14:10:13,16.8,3,5040,0
14:10:10,16.81,24,40344,1
14:10:07,16.81,53,89093,1
14:10:03,16.81,15,25214,1
14:10:01,16.81,2,3361,1
14:09:58,16.81,5,8405,1
14:09:54,16.78,78,130884,-1
14:09:46,16.8,1,1680,0
14:09:43,16.81,11,18491,1
14:09:39,16.81,24,40344,1
14:09:37,16.8,22,36960,-1
14:09:33,16.81,37,62196,1
14:09:27,16.81,1,1680,1
14:09:25,16.8,26,43680,-1
14:09:21,16.81,1,1680,1
14:09:18,16.81,11,18491,1
14:09:16,16.81,4,6723,1
14:09:12,16.81,38,63877,1
14:09:09,16.81,29,48748,1
14:09:06,16.8,5,8400,-1
14:09:03,16.8,1,1680,-1
14:09:00,16.8,3,5040,1
14:08:58,16.8,109,183120,1
14:08:54,16.8,1,1680,1
14:08:51,16.8,2,3360,0
14:08:48,16.81,38,63877,1
14:08:42,16.79,1,1679,0
14:08:39,16.81,19,31938,1
14:08:36,16.81,9,15128,1
14:08:30,16.81,4,6723,1
14:08:27,16.78,52,87256,-1
14:08:18,16.81,0,0,1
14:08:15,16.81,11,18491,1
14:08:12,16.81,7,11767,1
14:08:09,16.78,3,5034,1
14:08:06,16.78,77,129206,-1
14:08:03,16.8,2,3360,-1
14:07:57,16.81,6,10086,1
14:07:54,16.81,91,152971,-1
14:07:51,16.82,22,37004,-1
14:07:48,16.82,30,50460,-1
14:07:45,16.84,1,1684,1
14:07:42,16.82,7,11774,1
14:07:39,16.82,1,1682,1
14:07:36,16.81,30,50429,-1
14:07:33,16.82,2,3364,1
14:07:30,16.82,9,15138,-1
14:07:27,16.81,10,16810,-1
14:07:24,16.82,1,1682,1
14:07:21,16.82,40,67280,1
14:07:18,16.82,11,18502,1
14:07:15,16.81,26,43706,0
14:07:12,16.82,6,10092,1
14:07:09,16.82,4,6728,1
14:07:06,16.8,31,52080,-1
14:07:03,16.82,1,1682,1
14:07:00,16.82,22,37004,1
14:06:57,16.81,16,26895,1
14:06:54,16.81,0,0,1
14:06:48,16.81,6,10086,1
14:06:45,16.81,69,115988,1
14:06:39,16.81,5,8405,0
14:06:36,16.77,77,129129,-1
14:06:33,16.82,0,0,1
14:06:30,16.82,1,1682,1
14:06:27,16.78,16,26848,-1
14:06:24,16.8,8,13440,1
14:06:18,16.8,6,10080,1
14:06:15,16.8,86,144480,1
14:06:12,16.8,530,890400,1
14:06:09,16.8,1,1680,1
14:06:06,16.8,18,30240,1
14:06:03,16.8,17,28560,1
14:06:00,16.77,47,78819,-1
14:05:57,16.79,1,1679,0
14:05:54,16.8,19,31920,1
14:05:51,16.77,39,65403,-1
14:05:48,16.79,3,5037,-1
14:05:45,16.79,25,41975,-1
14:05:42,16.8,2,3360,1
14:05:39,16.79,23,38617,1
14:05:36,16.77,36,60372,-1
14:05:33,16.79,4,6716,1
14:05:30,16.79,60,100740,1
14:05:27,16.79,1,1679,1
14:05:24,16.77,21,35720,1
14:05:21,16.77,171,287940,-1
14:05:18,16.8,7,11760,1
14:05:15,16.8,5,8400,-1
14:05:12,16.8,4,6720,-1
14:05:09,16.82,37,62234,1
14:05:06,16.78,24,40272,-1
14:05:03,16.79,13,21827,-1
14:05:00,16.8,4,6720,-1
14:04:57,16.82,1,1682,1
14:04:54,16.82,15,25230,1
14:04:51,16.8,38,63840,-1
14:04:45,16.82,3,5046,1
14:04:42,16.8,7,12264,1
14:04:39,16.8,147,246960,1
14:04:36,16.8,30,51576,0
14:04:33,16.78,46,77188,-1
14:04:30,16.82,2,3364,1
14:04:27,16.79,48,80592,-1
14:04:24,16.8,30,50400,1
14:04:21,16.78,2,3356,-1
14:04:18,16.79,8,13432,-1
14:04:15,16.82,1,1682,1
14:04:12,16.82,11,18502,1
14:04:09,16.79,8,13432,-1
14:04:06,16.82,2,3364,1
14:04:03,16.79,28,47012,-1
14:04:00,16.82,1,1682,1
14:03:57,16.79,0,503,1
14:03:54,16.8,16,28056,-1
14:03:51,16.79,1,2182,1
14:03:48,16.79,27,45333,-1
14:03:45,16.79,32,53728,-1
14:03:39,16.79,4,6716,1
14:03:36,16.79,27,45333,1
14:03:30,16.79,2,3358,1
14:03:27,16.79,12,20148,1
14:03:23,16.83,28,47123,-1
14:03:20,16.85,2,3370,1
14:03:18,16.83,28,47123,1
14:03:15,16.8,8,13440,1
14:03:12,16.8,7,11760,-1
14:03:06,16.83,9,15146,1
14:03:03,16.8,21,35280,-1
14:03:00,16.83,6,10097,1
14:02:57,16.83,38,63953,1
14:02:54,16.82,42,70644,-1
14:02:50,16.82,5,8410,-1
14:02:42,16.83,9,15146,1
14:02:39,16.83,1,1682,1
14:02:36,16.83,24,40391,1
14:02:32,16.81,28,47068,-1
14:02:30,16.81,8,13447,-1
14:02:24,16.81,3,5043,0
14:02:21,16.82,7,11774,1
14:02:17,16.82,2,3364,-1
14:02:15,16.82,2,3364,1
14:02:11,16.82,53,89146,1
14:02:08,16.8,8,13440,-1
14:02:05,16.82,1,1682,1
14:02:02,16.8,28,47040,-1
14:01:59,16.82,11,18502,1
14:01:56,16.8,5,8400,-1
14:01:53,16.8,7,11760,1
14:01:50,16.77,243,407511,-1
14:01:47,16.76,4,6704,-1
14:01:44,16.76,13,21788,-1
14:01:41,16.78,2,3356,0
14:01:38,16.79,13,21827,1
14:01:35,16.76,217,363692,-1
14:01:32,16.78,40,67120,-1
14:01:29,16.79,41,68839,1
14:01:23,16.78,1,1678,0
14:01:20,16.79,5,8395,1
14:01:17,16.77,44,73788,-1
14:01:14,16.78,12,20136,-1
14:01:11,16.78,1,1678,1
14:01:08,16.78,3,5034,1
14:01:05,16.76,61,102236,-1
14:01:02,16.76,28,46928,-1
14:00:59,16.78,47,78866,1
14:00:56,16.78,45,75510,1
14:00:53,16.78,26,43628,1
14:00:50,16.77,9,15093,1
14:00:47,16.77,13,21801,-1
14:00:44,16.77,40,67080,-1
14:00:41,16.77,41,68757,-1
14:00:38,16.78,2,3356,-1
14:00:35,16.79,1,1679,1
14:00:32,16.78,28,46984,-1
14:00:29,16.79,8,13432,1
14:00:23,16.79,4,6716,1
14:00:20,16.79,38,63802,1
14:00:16,16.79,0,0,1
14:00:13,16.79,1,1679,1
14:00:11,16.79,14,23506,1
14:00:07,16.79,12,20148,1
14:00:05,16.77,28,46956,-1
14:00:01,16.77,25,41925,-1
13:59:58,16.79,38,63802,1
13:59:52,16.79,14,23506,1
13:59:49,16.76,0,0,-1
13:59:46,16.76,10,16760,-1
13:59:43,16.8,3,5040,1
13:59:40,16.8,35,58800,1
13:59:37,16.77,1,1677,1
13:59:34,16.77,19,31863,-1
13:59:31,16.79,9,15111,-1
13:59:28,16.8,7,11760,1
13:59:25,16.79,0,0,0
13:59:22,16.79,3,5037,-1
13:59:19,16.8,3,5040,1
13:59:16,16.79,69,115851,1
13:59:13,16.79,8,13432,1
13:59:10,16.76,11,18436,-1
13:59:07,16.79,1,1679,1
13:59:04,16.76,32,53632,-1
13:59:01,16.76,27,45252,-1
13:58:58,16.79,1,1679,1
13:58:55,16.79,52,87308,1
13:58:49,16.78,4,6712,-1
13:58:46,16.79,1,1679,1
13:58:43,16.79,0,0,1
13:58:40,16.79,18,30222,1
13:58:37,16.79,48,80592,1
13:58:34,16.78,96,161088,-1
13:58:25,16.78,19,31882,-1
13:58:16,16.77,8,13416,-1
13:58:13,16.79,6,10074,1
13:58:10,16.77,612,1026324,1
13:58:07,16.75,5,8375,-1
13:58:04,16.76,28,46928,1
13:58:01,16.76,61,102236,1
13:57:58,16.76,15,25140,0
13:57:55,16.77,22,36894,1
13:57:52,16.76,11,18436,1
13:57:49,16.75,107,179225,-1
13:57:46,16.76,11,18436,-1
13:57:40,16.76,18,30168,-1
13:57:37,16.76,2,3352,-1
13:57:34,16.77,13,21801,1
13:57:31,16.75,184,308200,-1
13:57:28,16.75,246,412050,-1
13:57:25,16.76,49,82124,1
13:57:22,16.76,5,8380,1
13:57:19,16.76,8,13408,-1
13:57:13,16.76,49,82124,1
13:57:10,16.75,57,95475,-1
13:57:07,16.76,63,105588,1
13:57:04,16.76,52,87152,1
13:57:01,16.75,28,46900,-1
13:56:58,16.75,44,73700,-1
13:56:55,16.76,243,407268,-1
13:56:52,16.77,7,11739,1
13:56:49,16.77,2,3354,1
13:56:46,16.77,2,3354,1
13:56:43,16.77,35,58695,1
13:56:40,16.77,3,5031,1
13:56:37,16.77,30,50310,1
13:56:34,16.77,8,13416,1
13:56:31,16.77,628,1053156,-1
13:56:28,16.8,2,3360,1
13:56:25,16.8,26,43680,-1
13:56:22,16.8,11,18480,1
13:56:07,16.8,10,16800,0
13:56:04,16.82,18,30276,-1
13:56:01,16.82,31,52142,-1
13:55:58,16.83,1,1682,1
13:55:55,16.82,7,11774,1
13:55:52,16.81,10,16810,-1
13:55:49,16.78,50,83900,-1
13:55:46,16.81,38,63877,-1
13:55:43,16.83,0,0,1
13:55:40,16.83,4,6731,1
13:55:37,16.8,9,15120,-1
13:55:34,16.8,84,141120,-1
13:55:31,16.8,32,53760,-1
13:55:25,16.81,26,43706,1
13:55:22,16.8,6,10080,-1
13:55:16,16.81,36,60515,1
13:55:13,16.8,2,3360,-1
13:55:07,16.81,3,5043,1
13:55:04,16.81,25,42025,1
13:55:01,16.81,37,62196,-1
13:54:58,16.83,2,3365,1
13:54:55,16.82,50,84100,0
13:54:52,16.83,1,1682,1
13:54:46,16.81,14,23534,-1
13:54:40,16.83,20,33660,1
13:54:37,16.82,3,5046,1
13:54:34,16.81,0,0,-1
13:54:31,16.81,48,80688,-1
13:54:28,16.82,1,1682,1
13:54:25,16.8,35,58800,-1
13:54:22,16.82,3,5046,1
13:54:19,16.82,2,3364,-1
13:54:16,16.82,10,16820,0
13:54:13,16.82,19,31958,-1
13:54:10,16.82,19,31958,1
13:54:07,16.82,2,3364,1
13:54:01,16.8,20,33600,-1
13:53:58,16.82,1,1682,1
13:53:55,16.82,18,30276,1
13:53:52,16.8,5,8400,-1
13:53:46,16.8,19,31920,1
13:53:40,16.79,11,18469,-1
13:53:37,16.8,3,5040,1
13:53:34,16.8,6,10080,1
13:53:31,16.79,63,105777,1
13:53:28,16.79,2,3358,1
13:53:25,16.77,41,68757,0
13:53:19,16.79,2,3358,1
13:53:16,16.78,3,5034,-1
13:53:13,16.79,5,8395,1
13:53:10,16.78,6,10068,1
13:53:07,16.76,8,13408,-1
13:53:04,16.78,1,1678,1
13:53:01,16.78,32,53696,1
13:52:58,16.78,50,83900,1
13:52:55,16.76,311,521236,-1
13:52:52,16.77,111,186147,-1
13:52:49,16.78,6,10068,1
13:52:46,16.78,14,23492,-1
13:52:43,16.79,64,107456,1
13:52:40,16.78,39,65442,1
13:52:37,16.78,17,28526,-1
13:52:34,16.79,3,5037,1
13:52:31,16.79,29,48691,1
13:52:28,16.78,22,36916,-1
13:52:25,16.79,22,36938,1
13:52:22,16.79,10,16790,1
13:52:19,16.78,38,63764,-1
13:52:16,16.78,1,1678,1
13:52:13,16.78,6,10068,0
13:52:10,16.79,5,8395,1
13:52:07,16.78,8,13424,-1
13:52:04,16.78,2,3356,1
13:52:01,16.78,15,25170,1
13:51:58,16.79,38,63802,1
13:51:55,16.77,19,31863,-1
13:51:52,16.79,17,28543,1
13:51:49,16.77,107,179439,-1
13:51:46,16.78,6,10068,-1
13:51:43,16.79,24,40296,1
13:51:40,16.79,11,18469,-1
13:51:37,16.8,1,1680,1
13:51:33,16.8,49,82320,1
13:51:30,16.8,235,394800,-1
13:51:28,16.82,5,8410,1
13:51:25,16.82,17,28594,1
13:51:22,16.81,51,85731,1
13:51:15,16.81,4,6723,0
13:51:13,16.83,44,74051,1
13:51:09,16.83,41,69003,1
13:51:04,16.83,1,1682,1
13:51:01,16.83,7,11780,1
13:50:57,16.83,98,164933,1
13:50:54,16.83,128,215423,-1
13:50:51,16.84,34,57256,1
13:50:45,16.84,1,1684,1
13:50:42,16.85,4,6740,1
13:50:39,16.85,100,168500,1
13:50:36,16.85,14,23590,1
13:50:34,16.85,19,32015,1
13:50:30,16.85,433,729605,-1
13:50:27,16.88,39,65832,1
13:50:24,16.87,52,87724,-1
13:50:18,16.88,1,1688,1
13:50:15,16.88,8,13504,1
13:50:09,16.88,2,3376,1
13:50:06,16.88,48,81024,-1
13:50:03,16.89,10,16890,1
13:50:00,16.88,6,10128,-1
13:49:57,16.89,3,5067,1
13:49:54,16.89,23,38847,1
13:49:51,16.89,7,11823,1
13:49:48,16.89,21,35469,1
13:49:45,16.89,35,59115,1
13:49:33,16.89,21,35469,0
13:49:30,16.9,11,18590,1
13:49:27,16.89,1,1689,1
13:49:24,16.89,5,8445,0
13:49:21,16.87,53,89411,-1
13:49:09,16.89,9,15201,1
13:49:03,16.89,17,28713,1
13:49:00,16.89,39,65871,1
13:48:57,16.89,2,3378,1
13:48:54,16.89,46,77694,1
13:48:51,16.89,17,28713,1
13:48:48,16.88,69,116472,-1
13:48:45,16.89,10,16890,1
13:48:42,16.89,3,5067,1
13:48:39,16.88,47,79336,-1
13:48:36,16.89,1,1689,1
13:48:33,16.88,4,6752,-1
13:48:27,16.89,1,1689,1
13:48:24,16.89,36,60804,1
13:48:21,16.89,12,20268,-1
13:48:18,16.9,5,8450,1
13:48:15,16.89,19,32091,1
13:48:12,16.88,3,5064,-1
13:48:09,16.89,1,1689,1
13:48:06,16.89,6,10134,0
13:48:03,16.89,45,76005,1
13:48:00,16.89,1,1689,1
13:47:57,16.89,5,8445,1
13:47:54,16.89,36,60804,1
13:47:51,16.89,16,27024,1
13:47:42,16.89,13,21957,1
13:47:39,16.89,6,10134,1
13:47:36,16.89,1,1689,1
13:47:33,16.89,39,65871,1
13:47:30,16.89,22,37158,-1
13:47:24,16.89,13,21957,-1
13:47:21,16.9,1,1689,1
13:47:18,16.89,7,11823,1
13:47:15,16.88,3,5064,-1
13:47:12,16.89,1,1689,1
13:47:09,16.89,36,60804,1
13:47:06,16.89,1,1689,1
13:47:03,16.88,5,8440,-1
13:47:00,16.89,1,1689,1
13:46:57,16.89,7,11823,1
13:46:54,16.89,4,6756,1
13:46:51,16.89,50,84450,-1
13:46:48,16.89,4,6756,1
13:46:33,16.89,26,43914,-1
13:46:30,16.9,1,1689,1
13:46:27,16.89,17,28713,1
13:46:24,16.89,19,32091,1
13:46:21,16.89,4,6756,1
13:46:18,16.89,86,145254,-1
13:46:12,16.9,8,13519,1
13:46:03,16.89,2,3378,1
13:46:00,16.89,2,3378,1
13:45:57,16.89,9,15201,-1
13:45:53,16.89,26,43914,-1
13:45:51,16.89,30,50670,-1
13:45:45,16.9,1,1689,1
13:45:42,16.89,6,10134,1
13:45:33,16.9,0,0,1
13:45:27,16.9,26,43939,1
13:45:24,16.9,19,32109,1
13:45:21,16.9,44,74360,1
13:45:15,16.9,1,1689,1
13:45:12,16.89,14,23646,-1
13:45:08,16.89,1,1689,0
13:45:06,16.9,11,18590,1
13:45:03,16.9,3,5070,1
13:44:59,16.88,55,92840,-1
13:44:56,16.9,2,3379,1
13:44:53,16.89,8,13512,1
13:44:50,16.89,1,1689,1
13:44:47,16.89,19,32091,1
13:44:44,16.89,10,16890,1
13:44:42,16.89,23,38847,1
13:44:32,16.89,1,1689,1
13:44:30,16.88,20,33760,-1
13:44:27,16.89,1,1689,1
13:44:23,16.89,18,30402,1
13:44:20,16.89,31,52359,1
13:44:11,16.88,10,16880,-1
13:44:08,16.89,9,15201,1
13:44:02,16.89,2,3378,1
13:43:59,16.88,13,21944,-1
13:43:56,16.89,1,1689,1
13:43:50,16.88,4,6752,-1
13:43:47,16.89,9,15201,1
13:43:44,16.89,0,0,1
13:43:41,16.89,1,1689,1
13:43:38,16.89,7,11823,1
13:43:35,16.88,3,5064,-1
13:43:32,16.89,1,1689,1
13:43:29,16.88,50,84400,-1
13:43:23,16.89,10,16890,1
13:43:20,16.88,10,16880,-1
13:43:17,16.89,1,1689,1
13:43:11,16.88,9,15192,1
13:43:08,16.87,5,8435,-1
13:43:05,16.87,51,86037,-1
13:43:02,16.88,10,16880,1
13:42:56,16.88,4,6752,1
13:42:53,16.88,25,42200,1
13:42:50,16.87,5,8435,-1
13:42:47,16.87,3,5061,-1
13:42:41,16.88,9,15192,1
13:42:35,16.88,2,3376,-1
13:42:32,16.88,16,27008,-1
13:42:26,16.88,4,6752,-1
13:42:23,16.88,7,11816,1
13:42:20,16.88,13,21944,1
13:42:17,16.88,60,101280,1
13:42:14,16.88,1,1688,1
13:42:11,16.88,35,59080,1
13:42:01,16.88,21,35448,-1
13:41:55,16.89,2,3378,1
13:41:52,16.9,0,0,1
13:41:50,16.9,0,0,1
13:41:43,16.9,4,6759,1
13:41:40,16.87,67,113029,-1
13:41:34,16.89,1,1689,1
13:41:31,16.86,7,11802,-1
13:41:28,16.87,7,11809,-1
13:41:25,16.87,11,18557,1
13:41:19,16.89,2,3378,1
13:41:16,16.89,21,35469,0
13:41:13,16.9,56,94639,1
13:41:04,16.9,2,3379,1
13:41:01,16.9,42,71453,-1
13:40:58,16.91,16,27056,1
13:40:55,16.9,127,214629,-1
13:40:52,16.91,5,8455,1
13:40:49,16.9,111,187589,-1
13:40:46,16.9,32,54079,-1
13:40:43,16.91,1,1691,1
13:40:40,16.91,1,1691,1
13:40:36,16.9,38,64219,-1
13:40:34,16.9,20,33800,-1
13:40:31,16.91,1,1691,1
13:40:27,16.91,10,16910,1
13:40:25,16.9,194,327860,-1
13:40:22,16.9,20,33800,-1
13:40:16,16.9,5,8450,-1
13:40:10,16.91,2,3382,1
13:40:07,16.91,10,16910,1
13:40:04,16.91,5,8455,1
13:40:01,16.91,1,1691,1
13:39:57,16.91,2,3382,1
13:39:55,16.91,32,54112,1
13:39:52,16.91,152,257032,1
13:39:49,16.91,2,3382,1
13:39:46,16.91,13,21983,1
13:39:43,16.91,3,5073,1
13:39:40,16.91,70,118370,1
13:39:37,16.91,1,1691,1
13:39:34,16.91,9,15219,1
13:39:31,16.91,150,253650,1
13:39:28,16.9,1,1689,-1
13:39:22,16.91,14,23674,1
13:39:19,16.91,42,71022,1
13:39:16,16.9,1078,1823036,1
13:39:13,16.86,20,33720,-1
13:39:10,16.86,2,3372,-1
13:39:04,16.86,1,1686,-1
13:39:01,16.86,6,10116,-1
13:38:58,16.87,13,21931,1
13:38:54,16.87,16,26992,1
13:38:52,16.86,0,0,-1
13:38:46,16.86,19,32034,-1
13:38:40,16.88,1,1688,1
13:38:34,16.86,21,35406,-1
13:38:31,16.88,2,3376,1
13:38:28,16.86,1,1686,-1
13:38:25,16.88,19,32071,1
13:38:22,16.87,5,8435,-1
13:38:19,16.88,47,79336,1
13:38:16,16.88,19,32071,1
13:38:13,16.87,99,167013,-1
13:38:09,16.87,400,674800,-1
13:38:07,16.88,7,11816,1
13:38:04,16.88,5,8440,1
13:38:01,16.88,6,10128,1
13:37:58,16.87,9,15183,-1
13:37:55,16.88,16,27008,1
13:37:52,16.88,2,3376,1
13:37:49,16.88,11,18568,1
13:37:46,16.88,21,35448,-1
13:37:43,16.88,21,35448,-1
13:37:40,16.89,3,5067,1
13:37:34,16.89,15,25335,1
13:37:31,16.89,2,3378,1
13:37:28,16.88,100,168800,-1
13:37:25,16.89,25,42225,1
13:37:22,16.89,1,1689,1
13:37:19,16.89,31,52359,-1
13:37:15,16.89,15,25335,-1
13:37:07,16.89,4,6756,-1
13:37:04,16.9,1,1689,1
13:36:58,16.9,20,33800,1
13:36:55,16.89,16,27024,1
13:36:52,16.89,1,1689,1
13:36:46,16.89,18,30402,1
13:36:42,16.89,1,1689,1
13:36:31,16.89,1,1689,1
13:36:24,16.89,18,30402,1
13:36:22,16.88,2,3376,-1
13:36:19,16.88,31,52328,-1
13:36:16,16.88,14,23632,1
13:36:12,16.87,9,15183,-1
13:36:09,16.88,1,1688,1
13:36:06,16.87,44,74228,-1
13:36:04,16.88,1,1688,1
13:36:01,16.87,48,80976,1
13:35:58,16.87,1,1687,1
13:35:54,16.87,16,26992,1
13:35:52,16.86,10,16860,-1
13:35:43,16.86,3,5058,-1
13:35:34,16.87,1,1687,1
13:35:30,16.87,1,1687,1
13:35:28,16.85,39,65715,-1
13:35:25,16.87,17,28679,1
13:35:22,16.85,25,42125,-1
13:35:15,16.86,9,15174,-1
13:35:10,16.87,1,1687,1
13:35:07,16.86,5,8430,-1
13:35:01,16.87,1,1687,1
13:34:58,16.87,1,1687,1
13:34:54,16.87,16,26992,1
13:34:46,16.87,1,1687,1
13:34:39,16.86,12,20232,-1
13:34:37,16.87,2,3374,1
13:34:34,16.87,173,291851,1
13:34:31,16.86,338,569868,1
13:34:28,16.86,10,16860,1
13:34:25,16.85,19,32015,-1
13:34:10,16.85,4,6740,-1
13:34:04,16.86,2,3372,1
13:34:00,16.85,6,10110,-1
13:33:58,16.86,12,20232,1
13:33:55,16.86,16,26976,1
13:33:51,16.85,4,6740,-1
13:33:36,16.86,2,3372,-1
13:33:24,16.86,15,25290,1
13:33:21,16.85,4,6740,-1
13:33:15,16.87,0,0,1
13:33:12,16.87,1,1687,1
13:33:09,16.87,5,8435,1
13:33:07,16.85,107,180295,-1
13:33:00,16.86,4,6744,1
13:32:57,16.86,63,106218,-1
13:32:54,16.87,16,26992,1
13:32:39,16.87,1,1687,1
13:32:36,16.86,25,42150,-1
13:32:30,16.87,7,11809,1
13:32:27,16.87,27,45549,1
13:32:25,16.87,20,33740,1
13:32:22,16.86,23,38778,-1
13:32:16,16.87,1,1687,1
13:32:12,16.86,12,20232,-1
13:32:03,16.86,23,38778,-1
13:32:00,16.87,2,3374,1
13:31:57,16.87,23,38801,1
13:31:54,16.86,19,32034,-1
13:31:48,16.86,4,6744,-1
13:31:33,16.87,3,5061,-1
13:31:30,16.87,32,53984,-1
13:31:21,16.88,22,37136,1
13:31:18,16.88,2,3376,1
13:31:15,16.88,2,3376,1
13:31:12,16.87,45,75915,-1
13:31:09,16.87,2,3374,-1
13:31:03,16.87,2,3374,-1
13:31:00,16.88,1,1688,1
13:30:57,16.88,2,3376,1
13:30:54,16.87,18,30366,-1
13:30:42,16.88,0,0,0
13:30:36,16.88,1,1688,-1
13:30:33,16.89,27,45603,1
13:30:30,16.89,2,3378,1
13:30:27,16.88,42,70896,-1
13:30:24,16.89,16,27024,1
13:30:21,16.88,5,8440,-1
13:30:18,16.89,1,1689,1
13:30:15,16.88,20,33760,-1
13:30:06,16.89,2,3378,1
13:30:03,16.89,24,40536,-1
13:30:00,16.89,10,16890,-1
13:29:57,16.9,2,3379,1
13:29:54,16.9,4,6759,1
13:29:51,16.9,16,27039,1
13:29:48,16.9,1,1689,1
13:29:45,16.89,24,40536,-1
13:29:39,16.89,10,16890,-1
13:29:33,16.89,5,8445,-1
13:29:27,16.9,5,8450,1
13:29:24,16.89,24,40536,-1
13:29:21,16.9,1,1689,1
13:29:18,16.89,5,8445,-1
13:29:12,16.9,7,11829,1
13:29:09,16.89,2,3378,-1
13:29:00,16.9,2,3379,1
13:28:57,16.9,31,52389,1
13:28:54,16.89,22,37158,-1
13:28:45,16.9,3,5070,0
13:28:42,16.89,41,69249,-1
13:28:39,16.91,4,6764,1
13:28:36,16.91,76,128516,1
13:28:33,16.9,106,179139,-1
13:28:30,16.9,15,25349,-1
13:28:27,16.91,1,1691,1
13:28:24,16.91,16,27056,1
13:28:21,16.9,10,16900,-1
13:28:15,16.9,2,3379,-1
13:28:06,16.91,1,1691,1
13:27:57,16.9,2,3379,-1
13:27:54,16.91,1,1691,1
13:27:51,16.91,21,35511,1
13:27:48,16.91,91,153881,1
13:27:42,16.9,5,8450,-1
13:27:39,16.9,5,8450,-1
13:27:32,16.91,8,13528,1
13:27:30,16.9,133,224769,1
13:27:27,16.9,1,1689,1
13:27:24,16.9,27,45629,-1
13:27:18,16.91,7,11837,1
13:27:15,16.91,54,91314,1
13:27:11,16.9,35,59149,-1
13:27:09,16.9,4,6759,-1
13:27:02,16.9,5,8450,-1
13:26:59,16.89,35,59115,1
13:26:56,16.89,6,10134,1
13:26:53,16.89,34,57426,-1
13:26:47,16.9,1,1689,1
13:26:45,16.9,1,1689,1
13:26:41,16.9,59,99709,-1
13:26:38,16.91,8,13528,1
13:26:35,16.9,170,287300,-1
13:26:32,16.9,6,10140,-1
13:26:23,16.91,21,35511,1
13:26:20,16.91,6,10146,1
13:26:17,16.91,11,18601,1
13:26:14,16.91,2,3382,1
13:26:11,16.91,32,54112,1
13:26:08,16.91,54,91314,1
13:26:05,16.9,102,172380,1
13:26:02,16.9,0,0,1
13:25:59,16.9,4,6759,-1
13:25:56,16.88,51,86088,-1
13:25:53,16.91,328,554648,1
13:25:50,16.89,12,20268,1
13:25:47,16.89,9,15201,1
13:25:35,16.89,1,1689,1
13:25:32,16.89,2,3378,0
13:25:29,16.88,33,55704,-1
13:25:23,16.88,0,0,-1
13:25:17,16.88,9,15192,-1
13:25:11,16.9,7,11829,1
13:25:08,16.9,1,1689,1
13:25:05,16.88,19,32071,-1
13:25:02,16.9,125,211249,-1
13:24:59,16.9,17,28729,-1
13:24:56,16.9,27,45629,-1
13:24:53,16.91,30,50730,1
13:24:50,16.9,65,109849,-1
13:24:41,16.9,2,3379,-1
13:24:38,16.9,4,6759,-1
13:24:35,16.9,6,10140,-1
13:24:32,16.91,1,1691,1
13:24:29,16.9,21,35490,-1
13:24:26,16.91,7,11837,1
13:24:23,16.91,16,27056,1
13:24:20,16.91,2,3382,1
13:24:17,16.9,41,69290,-1
13:24:14,16.9,1,1689,-1
13:24:11,16.9,13,21969,-1
13:24:08,16.9,6,10140,-1
13:24:05,16.91,22,37202,1
13:24:02,16.9,31,52389,-1
13:23:59,16.91,1,1691,1
13:23:56,16.91,5,8455,1
13:23:53,16.9,102,172380,-1
13:23:50,16.91,65,109915,1
13:23:47,16.9,785,1326650,1
13:23:44,16.88,78,131664,1
13:23:35,16.88,32,54016,1
13:23:28,16.88,34,57392,-1
13:23:25,16.89,1,1689,1
13:23:22,16.88,15,25320,1
13:23:20,16.87,20,33740,-1
13:23:11,16.87,11,18557,-1
13:23:06,16.87,9,15183,-1
13:23:03,16.89,2,3378,1
13:23:00,16.86,25,42150,-1
13:22:57,16.89,17,28713,1
13:22:54,16.89,340,574260,1
13:22:51,16.87,51,86037,1
13:22:48,16.85,4,6740,-1
13:22:42,16.86,3,5058,0
13:22:39,16.85,50,84250,-1
13:22:36,16.86,14,23604,-1
13:22:30,16.87,7,11809,1
13:22:27,16.86,14,23604,-1
13:22:24,16.86,32,53952,1
13:22:21,16.86,12,20232,1
13:22:18,16.85,88,148280,-1
13:22:12,16.86,10,16860,1
13:22:09,16.86,1,1686,1
13:22:06,16.86,5,8430,1
13:22:03,16.86,119,200634,1
13:21:57,16.86,1,1686,1
13:21:54,16.86,16,26976,1
13:21:48,16.85,1,1685,-1
13:21:39,16.85,3,5055,-1
13:21:30,16.86,2,3372,0
13:21:27,16.86,9,15174,-1
13:21:24,16.86,18,30348,1
13:21:21,16.86,12,20232,1
13:21:18,16.85,12,20220,-1
13:21:15,16.86,3,5058,1
13:21:12,16.85,70,117950,-1
13:21:09,16.86,1,1686,1
13:21:03,16.86,1,1686,1
13:21:00,16.86,1,1686,1
13:20:57,16.86,37,62382,-1
13:20:54,16.86,20,33720,-1
13:20:51,16.87,55,92785,1
13:20:48,16.87,86,145082,1
13:20:45,16.87,143,241241,1
13:20:39,16.86,2,3372,-1
13:20:36,16.87,1,1687,1
13:20:33,16.87,12,20244,1
13:20:27,16.87,14,23618,1
13:20:24,16.87,22,37114,1
13:20:21,16.87,9,15183,1
13:20:18,16.87,172,290164,1
13:20:15,16.86,7,11802,-1
13:20:12,16.87,1,1687,1
13:20:09,16.87,3,5061,1
13:20:06,16.86,54,91044,-1
13:20:03,16.87,18,30366,1
13:20:00,16.86,17,28662,-1
13:19:57,16.87,8,13496,1
13:19:54,16.87,16,26992,1
13:19:51,16.87,6,10122,1
13:19:48,16.87,20,33740,1
13:19:42,16.87,1,1687,1
13:19:39,16.86,0,0,-1
13:19:33,16.86,20,33720,-1
13:19:30,16.89,20,33780,1
13:19:27,16.89,324,547236,1
13:19:24,16.86,16,26976,1
13:19:21,16.86,7,11802,1
13:19:18,16.86,2,3372,1
13:19:15,16.86,5,8430,1
13:19:09,16.86,20,33720,1
13:19:06,16.85,191,321835,1
13:19:03,16.85,11,18535,1
13:19:00,16.85,20,33700,1
13:18:57,16.85,9,15165,1
13:18:54,16.85,33,55605,1
13:18:51,16.85,114,192090,1
13:18:48,16.85,7,11795,1
13:18:42,16.85,9,15165,1
13:18:33,16.85,10,16850,1
13:18:30,16.84,197,331748,1
13:18:27,16.84,10,16840,1
13:18:24,16.83,21,35343,-1
13:18:21,16.84,30,50520,1
13:18:18,16.84,1,1684,1
13:18:12,16.84,12,20208,1
13:18:09,16.84,15,25260,1
13:18:06,16.84,300,505200,1
13:18:03,16.82,10,16820,1
13:18:00,16.82,1,1682,1
13:17:57,16.82,8,13456,1
13:17:54,16.82,23,38686,1
13:17:51,16.82,7,11774,1
13:17:48,16.82,5,8410,1
13:17:39,16.81,5,8405,1
13:17:36,16.81,2,3361,1
13:17:30,16.81,2,3361,1
13:17:24,16.81,30,50429,1
13:17:18,16.81,2,3361,1
13:17:15,16.81,1,1680,1
13:17:12,16.8,56,94080,1
13:17:09,16.8,24,40320,1
13:17:03,16.8,46,77280,1
13:16:57,16.8,3,5040,1
13:16:54,16.79,19,31901,-1
13:16:39,16.79,2,3358,1
13:16:36,16.78,15,25170,-1
13:16:33,16.79,10,16790,1
13:16:30,16.79,1,1679,1
13:16:27,16.79,8,13432,1
13:16:24,16.79,16,26864,1
13:16:18,16.79,2,3358,1
13:16:15,16.78,13,21814,-1
13:16:09,16.79,10,16790,1
13:16:06,16.79,1,1679,1
13:16:03,16.78,12,20136,-1
13:15:57,16.79,1,1679,1
13:15:48,16.79,8,13432,1
13:15:45,16.79,87,146073,1
13:15:42,16.78,27,45306,1
13:15:36,16.78,4,6712,1
13:15:27,16.77,6,10062,-1
13:15:24,16.78,16,26848,1
13:15:21,16.78,2,3356,1
13:15:18,16.77,52,87204,-1
13:15:15,16.77,3,5031,-1
13:15:03,16.78,2,3356,1
13:15:00,16.78,42,70476,1
13:14:57,16.77,35,58695,1
13:14:54,16.77,2,3354,1
13:14:51,16.77,36,60372,1
13:14:45,16.77,6,10062,1
13:14:39,16.77,15,25155,1
13:14:36,16.77,6,10062,1
13:14:33,16.77,4,6708,1
13:14:30,16.77,1,1677,1
13:14:27,16.76,10,16760,-1
13:14:24,16.77,1,1677,1
13:14:21,16.76,25,41900,-1
13:14:18,16.76,1,1676,-1
13:14:12,16.77,13,21801,1
13:14:09,16.76,14,23464,1
13:14:06,16.76,880,1474880,1
13:14:03,16.76,10,16760,1
13:14:00,16.76,30,50280,1
13:13:57,16.76,3,5028,1
13:13:54,16.76,16,26816,1
13:13:42,16.75,14,23450,-1
13:13:36,16.76,0,0,1
13:13:33,16.76,5,8380,1
13:13:30,16.76,4,6704,1
13:13:27,16.75,57,95475,-1
13:13:24,16.76,3,5028,1
13:13:21,16.76,36,60336,1
13:13:18,16.75,2,3350,-1
13:13:06,16.76,3,5028,1
13:13:03,16.76,6,10056,1
13:13:00,16.75,151,252925,-1
13:12:57,16.76,12,20112,1
13:12:54,16.76,17,28492,1
13:12:51,16.76,41,68716,-1
13:12:45,16.77,5,8385,1
13:12:42,16.76,32,53632,-1
13:12:27,16.77,1,1677,1
13:12:24,16.76,23,38548,1
13:12:21,16.76,21,35196,-1
13:12:18,16.76,32,53632,1
13:12:12,16.76,1,1676,1
13:12:08,16.76,12,20112,1
13:12:06,16.76,21,35196,1
13:12:00,16.76,1,1676,1
13:11:57,16.76,31,51956,1
13:11:54,16.76,24,40224,1
13:11:50,16.75,23,38525,-1
13:11:48,16.75,78,130650,-1
13:11:44,16.76,1,1676,1
13:11:41,16.76,1,1676,1
13:11:39,16.76,2,3352,1
13:11:35,16.76,28,46928,1
13:11:33,16.75,11,18425,-1
13:11:30,16.76,30,50280,1
13:11:24,16.76,16,26816,1
13:11:14,16.76,4,6704,1
13:11:12,16.75,36,60300,-1
13:11:06,16.76,1,1676,1
13:11:03,16.76,19,31844,1
13:10:59,16.75,23,38525,-1
13:10:57,16.76,8,13408,1
13:10:54,16.76,16,26816,1
13:10:44,16.76,8,13408,1
13:10:41,16.75,79,132325,-1
13:10:39,16.75,1,1675,-1
13:10:36,16.75,5,8375,1
13:10:33,16.74,2,3347,-1
13:10:27,16.75,2,3350,1
13:10:24,16.74,12,20087,-1
13:10:21,16.75,17,28475,1
13:10:14,16.74,7,11717,-1
13:10:11,16.75,1,1675,1
13:10:08,16.75,8,13400,1
13:10:06,16.75,167,279725,-1
13:09:56,16.77,2,3354,1
13:09:51,16.77,16,26832,1
13:09:42,16.76,11,18436,-1
13:09:35,16.76,1,1676,-1
13:09:26,16.77,2,3354,1
13:09:24,16.76,24,40224,-1
13:09:14,16.77,8,13416,1
13:09:12,16.77,1,1677,1
13:09:08,16.77,2,3354,1
13:09:06,16.76,44,73744,-1
13:08:56,16.77,2,3354,1
13:08:53,16.77,17,28509,1
13:08:50,16.77,13,21801,1
13:08:47,16.76,99,165924,-1
13:08:41,16.78,3,5034,1
13:08:38,16.77,50,83850,-1
13:08:26,16.78,2,3356,1
13:08:23,16.78,16,26848,1
13:08:08,16.78,3,5034,1
13:08:05,16.78,5,8390,1
13:08:02,16.78,141,236598,1
13:07:59,16.77,32,53664,-1
13:07:56,16.78,2,3356,1
13:07:53,16.78,2,3356,1
13:07:50,16.78,17,28526,1
13:07:47,16.77,3,5031,-1
13:07:44,16.78,5,8390,1
13:07:26,16.77,4,6708,-1
13:07:23,16.77,4,6708,1
13:07:20,16.77,11,18447,1
13:07:17,16.76,40,67040,-1
13:07:14,16.77,1,1677,1
13:07:11,16.77,6,10062,1
13:07:08,16.76,115,192740,1
13:07:02,16.76,5,8380,1
13:06:59,16.75,4,6700,-1
13:06:56,16.76,2,3352,1
13:06:53,16.75,41,68675,-1
13:06:38,16.75,2,3350,-1
13:06:32,16.76,3,5028,1
13:06:29,16.75,25,41875,-1
13:06:26,16.76,2,3352,1
13:06:23,16.76,16,26816,1
13:06:14,16.76,1,1676,1
13:06:08,16.75,16,26800,-1
13:06:02,16.76,10,16760,1
13:05:59,16.76,1,1676,1
13:05:56,16.75,11,18425,-1
13:05:53,16.76,51,85476,1
13:05:38,16.76,2,3352,1
13:05:35,16.75,5,8375,-1
13:05:29,16.75,11,18425,-1
13:05:25,16.76,1,1676,1
13:05:22,16.76,17,28492,1
13:05:20,16.75,10,16750,-1
13:05:17,16.76,23,38548,1
13:05:11,16.76,1,1676,1
13:05:08,16.75,31,51925,-1
13:05:05,16.76,2,3352,1
13:05:02,16.76,11,18436,1
13:04:56,16.76,29,48604,1
13:04:49,16.76,14,23464,1
13:04:47,16.76,70,117320,1
13:04:26,16.76,1,1676,1
13:04:21,16.76,21,35196,1
13:04:19,16.75,2,3350,-1
13:04:16,16.75,2,3350,-1
13:04:06,16.76,15,25140,1
13:04:03,16.75,15,25125,-1
13:04:00,16.76,1,1676,1
13:03:54,16.75,8,13400,1
13:03:51,16.75,2,3350,1
13:03:48,16.75,2,3350,1
13:03:45,16.75,10,16750,1
13:03:33,16.75,2,3350,1
13:03:30,16.75,6,10050,1
13:03:27,16.74,172,287928,-1
13:03:24,16.75,21,35175,1
13:03:15,16.74,3,5021,-1
13:03:12,16.74,3,5021,-1
13:03:00,16.75,1,1675,1
13:02:57,16.75,1,1675,1
13:02:54,16.74,12,20087,-1
13:02:51,16.75,32,53600,1
13:02:45,16.75,11,18425,1
13:02:42,16.74,1,1673,-1
13:02:36,16.75,1,1675,1
13:02:33,16.74,1,1673,-1
13:02:30,16.74,11,18414,-1
13:02:27,16.75,7,11725,1
13:02:24,16.74,18,30131,-1
13:02:21,16.75,1,1675,1
13:02:18,16.74,18,30131,-1
13:02:12,16.75,3,5025,1
13:02:09,16.74,38,63611,-1
13:02:00,16.75,1,1675,1
13:01:57,16.75,4,6700,1
13:01:54,16.75,20,33500,1
13:01:51,16.75,34,56950,-1
13:01:48,16.75,2,3350,-1
13:01:30,16.75,3,5025,-1
13:01:27,16.76,1,1676,1
13:01:24,16.75,10,16750,1
13:01:21,16.75,3,5025,1
13:01:18,16.74,72,120527,-1
13:01:15,16.75,12,20100,1
13:01:00,16.75,1,1675,1
13:00:57,16.75,15,25125,-1
13:00:54,16.76,16,26816,1
13:00:51,16.75,8,13400,-1
13:00:45,16.76,1,1676,1
13:00:42,16.75,8,13400,-1
13:00:39,16.76,8,13408,1
13:00:36,16.75,4,6700,-1
13:00:33,16.76,30,50280,1
13:00:30,16.76,1,1676,1
13:00:27,16.75,41,68675,-1
13:00:24,16.76,16,26816,1
13:00:21,16.76,9,15084,1
13:00:18,16.76,47,78772,1
13:00:15,16.76,1,1676,1
13:00:12,16.76,17,28492,1
13:00:09,16.76,36,60336,1
13:00:06,16.76,150,251400,1
13:00:03,16.76,75,125700,-1
11:30:00,16.77,0,0,1
11:30:00,16.77,0,0,1
11:30:00,16.77,2,3354,-1
11:29:54,16.78,1,1678,1
11:29:51,16.77,15,25155,1
11:29:45,16.77,1,1677,1
11:29:39,16.76,15,25140,-1
11:29:30,16.76,1,1676,-1
11:29:27,16.77,15,25155,1
11:29:24,16.77,2,3354,1
11:29:21,16.77,29,48633,1
11:29:18,16.78,3,5034,1
11:29:15,16.78,1,1678,1
11:29:12,16.78,59,99002,1
11:29:03,16.78,1,1678,1
11:28:57,16.77,23,38571,1
11:28:54,16.77,22,36894,1
11:28:51,16.77,30,50310,1
11:28:48,16.77,12,20124,1
11:28:42,16.76,3,5028,-1
11:28:39,16.76,4,6704,1
11:28:30,16.76,1,1676,1
11:28:24,16.76,26,43576,1
11:28:18,16.76,9,15084,-1
11:28:15,16.77,1,1677,1
11:28:12,16.73,67,112091,-1
11:28:09,16.75,20,33500,-1
11:28:06,16.77,31,51987,1
11:28:03,16.75,33,55275,-1
11:28:00,16.76,1,1676,1
11:27:57,16.74,37,61937,1
11:27:54,16.74,20,33480,-1
11:27:51,16.75,14,23450,1
11:27:45,16.75,5,8375,1
11:27:36,16.75,1,1675,1
11:27:33,16.75,4,6700,1
11:27:30,16.75,1,1675,1
11:27:27,16.74,3,5021,-1
11:27:24,16.74,13,21761,1
11:27:21,16.73,13,21749,-1
11:27:18,16.73,14,23422,-1
11:27:15,16.73,41,68593,1
11:27:12,16.73,17,28441,-1
11:27:09,16.73,7,11711,-1
11:27:06,16.74,60,100439,1
11:27:03,16.74,17,28457,1
11:27:00,16.74,3,5021,1
11:26:57,16.73,16,26768,-1
11:26:54,16.74,27,45197,-1
11:26:51,16.74,9,15065,-1
11:26:36,16.73,2,3346,1
11:26:33,16.73,9,15057,-1
11:26:30,16.73,12,20076,-1
11:26:18,16.75,0,0,1
11:26:15,16.75,10,16750,1
11:26:12,16.73,10,16730,-1
11:26:09,16.76,29,48604,-1
11:26:06,16.76,1,1676,1
11:26:03,16.76,19,31844,1
11:26:00,16.75,11,18425,-1
11:25:54,16.75,5,8375,-1
11:25:51,16.75,21,35175,-1
11:25:48,16.75,3,5025,-1
11:25:42,16.76,2,3352,1
11:25:39,16.76,6,10056,1
11:25:36,16.76,22,36872,0
11:25:33,16.7,552,921840,-1
11:25:24,16.78,20,35154,1
11:25:21,16.74,2,3347,-1
11:25:18,16.75,3,5025,1
11:25:15,16.75,6,10050,1
11:25:12,16.74,116,194267,-1
11:25:09,16.78,0,0,1
11:25:06,16.78,30,50340,1
11:25:03,16.77,9,15093,-1
11:25:00,16.79,17,28543,1
11:24:57,16.75,301,504175,-1
11:24:51,16.79,0,0,1
11:24:45,16.79,21,35259,1
11:24:42,16.79,2,3358,1
11:24:39,16.79,38,63802,1
11:24:36,16.78,20,33560,-1
11:24:27,16.79,4,6716,1
11:24:24,16.79,65,109135,-1
11:24:21,16.79,20,33580,-1
11:24:18,16.79,11,18469,-1
11:24:09,16.8,1,1680,1
11:24:06,16.8,30,50400,1
11:24:00,16.79,2,3358,-1
11:23:57,16.8,7,11760,-1
11:23:54,16.81,16,26895,1
11:23:42,16.8,1,1680,1
11:23:39,16.8,49,82320,-1
11:23:36,16.81,2,3361,1
11:23:33,16.81,40,67240,1
11:23:24,16.81,1,1680,1
11:23:21,16.8,21,35280,-1
11:23:18,16.8,2,3360,-1
11:23:12,16.81,1,1680,1
11:23:09,16.81,11,18491,1
11:23:06,16.81,39,65559,1
11:23:03,16.8,40,67200,-1
11:23:00,16.8,3,5040,-1
11:22:57,16.81,5,8405,1
11:22:54,16.81,16,26895,1
11:22:35,16.81,5,8405,1
11:22:27,16.81,1,1680,1
11:22:24,16.81,16,26895,1
11:22:06,16.81,28,47068,1
11:22:02,16.8,32,53760,1
11:22:00,16.8,1,1680,1
11:21:54,16.8,1,1680,1
11:21:50,16.8,16,26880,1
11:21:48,16.79,5,8395,-1
11:21:36,16.8,1,1680,1
11:21:32,16.79,20,33580,-1
11:21:29,16.81,2,3361,1
11:21:27,16.79,30,50370,-1
11:21:24,16.81,11,18491,1
11:21:20,16.8,10,16800,1
11:21:14,16.8,1,1680,1
11:21:11,16.8,1,1680,1
11:21:08,16.8,32,53760,-1
11:21:05,16.81,31,52110,1
11:20:59,16.81,2,3361,1
11:20:56,16.8,18,30240,-1
11:20:53,16.8,18,30240,-1
11:20:50,16.81,1,1680,1
11:20:47,16.8,10,16800,-1
11:20:38,16.8,26,43680,-1
11:20:35,16.81,129,216848,1
11:20:32,16.8,13,21840,-1
11:20:26,16.81,1,1680,1
11:20:23,16.8,20,33600,-1
11:20:20,16.81,1,1680,1
11:20:17,16.81,23,38663,1
11:20:14,16.81,62,104221,1
11:20:11,16.81,48,80688,1
11:20:08,16.8,30,50400,-1
11:20:05,16.81,35,58834,1
11:20:02,16.8,15,25200,-1
11:19:56,16.81,2,3361,1
11:19:53,16.81,16,26895,1
11:19:44,16.81,5,8405,1
11:19:41,16.81,10,16810,1
11:19:38,16.81,15,25214,1
11:19:35,16.81,2,3361,1
11:19:32,16.81,8,13447,1
11:19:29,16.8,20,33600,-1
11:19:23,16.81,1,1680,1
11:19:20,16.81,16,26895,1
11:19:08,16.81,1,1680,1
11:19:05,16.8,36,60480,-1
11:18:59,16.8,10,16800,-1
11:18:56,16.81,22,36982,1
11:18:53,16.81,1,1680,1
11:18:50,16.81,17,28576,1
11:18:41,16.8,2,3360,-1
11:18:38,16.81,1,1680,1
11:18:35,16.81,31,52110,1
11:18:32,16.81,22,36982,1
11:18:29,16.8,9,15120,-1
11:18:26,16.81,2,3361,1
11:18:23,16.8,10,16800,-1
11:18:20,16.81,25,42025,1
11:18:14,16.8,2,3360,1
11:18:11,16.8,11,18480,1
11:18:08,16.8,9,15120,1
11:18:05,16.8,76,127680,1
11:18:02,16.79,1,1679,1
11:17:59,16.79,29,48691,-1
11:17:56,16.8,3,5040,1
11:17:53,16.8,46,77280,1
11:17:50,16.8,11,18480,1
11:17:38,16.81,2,3361,1
11:17:35,16.81,29,48748,1
11:17:32,16.8,15,25200,-1
11:17:26,16.8,2,3360,-1
11:17:23,16.81,18,30257,1
11:17:20,16.8,20,33600,-1
11:17:14,16.81,3,5043,1
11:17:11,16.8,67,112560,-1
11:17:05,16.81,7,11767,1
11:17:02,16.8,139,233520,1
11:16:59,16.8,3,5040,1
11:16:53,16.8,0,0,1
11:16:50,16.8,1,1680,1
11:16:47,16.78,30,50340,-1
11:16:44,16.8,6,10080,1
11:16:38,16.78,1,1678,-1
11:16:26,16.8,1,1680,1
11:16:23,16.8,12,20160,1
11:16:20,16.79,38,63802,1
11:16:17,16.79,1,1679,1
11:16:11,16.75,3,5025,-1
11:16:08,16.75,19,31825,-1
11:16:05,16.78,15,25170,1
11:15:56,16.78,1,1678,1
11:15:53,16.75,8,14991,1
11:15:38,16.75,10,16750,1
11:15:35,16.75,168,281400,1
11:15:32,16.74,41,68634,-1
11:15:29,16.75,21,35258,-1
11:15:26,16.75,40,68591,1
11:15:23,16.75,16,26800,1
11:15:08,16.75,13,21775,1
11:15:05,16.74,2,3347,1
11:14:55,16.74,6,10043,1
11:14:53,16.74,16,26783,-1
11:14:50,16.74,10,16740,1
11:14:46,16.73,11,18403,-1
11:14:32,16.73,5,8365,-1
11:14:26,16.74,1,1673,1
11:14:23,16.73,13,21749,-1
11:14:20,16.75,29,48575,1
11:14:16,16.74,11,18414,1
11:14:14,16.74,6,10043,-1
11:14:08,16.75,2,3350,1
11:14:05,16.75,31,51925,1
11:14:01,16.74,1,1673,1
11:13:58,16.74,30,50219,-1
11:13:55,16.75,3,5025,1
11:13:53,16.75,26,43550,1
11:13:49,16.74,5,8370,-1
11:13:43,16.75,2,3350,1
11:13:37,16.75,44,73783,-1
11:13:31,16.77,2,3354,0
11:13:29,16.78,50,83900,1
11:13:22,16.78,17,28526,1
11:13:09,16.78,7,11746,1
11:13:06,16.79,31,52049,1
11:13:03,16.79,0,0,1
11:13:00,16.79,0,0,0
11:12:57,16.79,5,8395,1
11:12:54,16.8,77,129360,1
11:12:51,16.8,201,337680,1
11:12:48,16.79,9,15111,-1
11:12:45,16.79,21,35259,-1
11:12:33,16.8,3,5040,-1
11:12:30,16.8,7,11760,-1
11:12:24,16.81,9,15128,1
11:12:21,16.81,166,279046,1
11:12:18,16.8,1,1680,-1
11:12:15,16.81,1,1680,1
11:12:12,16.81,11,18491,1
11:12:09,16.8,0,0,-1
11:12:06,16.8,32,53760,-1
11:12:03,16.81,16,26895,-1
11:12:00,16.82,1,1682,1
11:11:57,16.81,10,16810,-1
11:11:54,16.81,12,20172,-1
11:11:51,16.82,16,26912,1
11:11:48,16.82,7,11774,1
11:11:42,16.82,1,1682,1
11:11:36,16.8,40,67200,-1
11:11:27,16.81,5,8405,-1
11:11:24,16.81,5,8405,-1
11:11:21,16.8,12,21756,-1
11:11:15,16.82,7,11774,1
11:11:12,16.82,2,3364,1
11:11:09,16.82,1,1682,1
11:11:06,16.82,72,121104,1
11:11:03,16.81,4,6723,1
11:11:00,16.81,17,28576,-1
11:10:57,16.82,7,11774,1
11:10:54,16.81,8,13447,0
11:10:51,16.82,1,1682,1
11:10:45,16.82,19,31958,1
11:10:42,16.82,11,18502,1
11:10:39,16.8,8,13440,-1
11:10:36,16.8,5,8400,-1
11:10:33,16.81,1,1680,1
11:10:30,16.8,101,169680,-1
11:10:27,16.82,3,5046,1
11:10:24,16.82,17,28594,1
11:10:21,16.82,71,119422,1
11:10:18,16.82,1,1682,1
11:10:15,16.8,150,252000,-1
11:10:12,16.81,14,23534,-1
11:10:09,16.82,1,1682,1
11:10:06,16.82,33,55506,1
11:10:03,16.81,15,25214,-1
11:10:00,16.82,9,15138,1
11:09:57,16.82,2,3364,1
11:09:54,16.82,2,3364,1
11:09:51,16.82,16,26912,1
11:09:48,16.81,21,35301,-1
11:09:45,16.82,2,3364,1
11:09:42,16.82,1,1682,1
11:09:36,16.81,15,25214,1
11:09:33,16.81,5,8405,1
11:09:30,16.82,0,0,1
11:09:24,16.82,16,26912,1
11:09:21,16.81,1,1680,1
11:09:18,16.81,3,5043,0
11:09:15,16.8,10,16800,-1
11:09:12,16.82,2,3364,1
11:09:09,16.8,7,11760,-1
11:09:06,16.8,31,52080,-1
11:09:03,16.82,0,0,1
11:09:00,16.82,12,20184,1
11:08:54,16.8,8,13440,1
11:08:48,16.8,10,16800,1
11:08:45,16.79,3,5037,-1
11:08:42,16.79,6,10074,-1
11:08:39,16.8,3,5040,1
11:08:36,16.79,14,23506,-1
11:08:33,16.8,61,102480,1
11:08:30,16.79,7,11753,-1
11:08:27,16.8,10,16800,1
11:08:24,16.79,31,52049,-1
11:08:06,16.79,16,26864,1
11:08:03,16.79,7,11753,1
11:08:00,16.79,6,10074,1
11:07:57,16.79,2,3358,0
11:07:54,16.79,31,52049,1
11:07:48,16.79,1,1679,1
11:07:45,16.78,20,33560,-1
11:07:42,16.79,25,41975,1
11:07:39,16.79,2,3358,1
11:07:36,16.78,3,5034,-1
11:07:33,16.78,27,45306,-1
11:07:30,16.78,56,93968,-1
11:07:27,16.78,32,53696,-1
11:07:24,16.78,12,20136,-1
11:07:21,16.78,123,206394,1
11:07:18,16.76,18,30168,-1
11:07:12,16.77,44,73788,-1
11:07:09,16.77,1,1677,-1
11:07:06,16.78,17,28526,1
11:07:03,16.76,9,15084,-1
11:06:57,16.77,59,98943,1
11:06:54,16.75,84,140700,-1
11:06:48,16.75,43,72025,1
11:06:42,16.75,3,5025,1
11:06:39,16.74,6,10043,-1
11:06:36,16.74,8,13391,0
11:06:33,16.75,7,11725,1
11:06:30,16.72,78,130415,-1
11:06:27,16.76,2,3352,1
11:06:21,16.75,16,26800,1
11:06:18,16.73,95,158935,-1
11:06:12,16.75,45,75375,1
11:06:09,16.73,7,11711,1
11:06:06,16.73,122,204106,-1
11:06:00,16.76,0,0,1
11:05:57,16.76,3,5028,1
11:05:54,16.76,16,26816,1
11:05:51,16.76,32,53632,1
11:05:48,16.76,5,8380,1
11:05:42,16.76,5,8380,1
11:05:39,16.76,30,50280,-1
11:05:36,16.76,7,11732,1
11:05:33,16.76,18,30168,1
11:05:30,16.76,12,20112,1
11:05:27,16.76,59,98884,1
11:05:24,16.75,26,43550,-1
11:05:21,16.76,1,1676,1
11:05:18,16.75,7,11725,1
11:05:12,16.75,25,41875,-1
11:05:09,16.75,21,35175,-1
11:05:06,16.75,6,10050,1
11:05:03,16.74,1,1673,-1
11:05:00,16.75,2,3350,1
11:04:57,16.72,29,48488,-1
11:04:54,16.74,8,13391,1
11:04:51,16.73,1,1673,1
11:04:48,16.73,3,5019,1
11:04:45,16.73,74,123802,-1
11:04:42,16.74,37,61937,1
11:04:39,16.73,13,21749,-1
11:04:36,16.74,1,1673,1
11:04:30,16.74,16,26783,1
11:04:27,16.73,6,10038,1
11:04:24,16.73,17,28441,-1
11:04:21,16.72,5,8360,-1
11:04:18,16.74,5,8370,0
11:04:15,16.75,95,159125,1
11:04:12,16.74,6,10043,1
11:04:09,16.73,26,43498,0
11:04:06,16.72,227,379544,-1
11:04:03,16.75,1,1675,1
11:04:00,16.72,53,88616,-1
11:03:57,16.73,20,33460,1
11:03:54,16.72,31,51832,-1
11:03:51,16.73,13,21749,1
11:03:48,16.73,14,23422,1
11:03:45,16.73,11,18403,1
11:03:42,16.74,91,152334,-1
11:03:39,16.77,20,33540,1
11:03:36,16.74,15,25109,1
11:03:33,16.72,124,207328,-1
11:03:30,16.74,1,1673,1
11:03:27,16.74,11,18414,1
11:03:24,16.73,23,38479,-1
11:03:21,16.77,2,3354,1
11:03:18,16.77,10,16770,1
11:03:15,16.77,3,5031,1
11:03:12,16.75,13,21775,-1
11:03:09,16.77,14,23478,1
11:03:06,16.75,22,36850,1
11:03:03,16.73,52,86996,-1
11:03:00,16.75,4,6700,1
11:02:57,16.75,42,70350,1
11:02:54,16.73,27,45171,1
11:02:51,16.73,19,31787,1
11:02:48,16.72,47,78584,-1
11:02:45,16.73,16,26768,1
11:02:41,16.73,148,247604,1
11:02:39,16.73,59,98707,1
11:02:36,16.73,77,128821,1
11:02:33,16.73,55,92015,-1
11:02:30,16.73,0,0,-1
11:02:26,16.73,1,1673,1
11:02:23,16.72,143,239095,-1
11:02:21,16.75,5,8375,1
11:02:18,16.75,62,103850,1
11:02:15,16.74,34,56915,-1
11:02:12,16.75,1,1675,1
11:02:09,16.75,21,35175,1
11:02:06,16.74,93,155682,1
11:02:03,16.73,33,55209,-1
11:01:59,16.74,7,11717,1
11:01:57,16.74,12,20087,1
11:01:53,16.74,5,8370,1
11:01:50,16.74,80,133920,1
11:01:47,16.74,53,88721,1
11:01:44,16.74,4,6695,1
11:01:38,16.74,13,21761,1
11:01:36,16.73,58,97034,1
11:01:32,16.73,19,31787,1
11:01:29,16.73,30,50190,1
11:01:26,16.72,212,354464,-1
11:01:23,16.73,3,5019,1
11:01:20,16.73,25,41825,1
11:01:17,16.73,43,71939,1
11:01:14,16.73,25,41825,1
11:01:11,16.73,32,53536,1
11:01:09,16.73,14,23422,1
11:01:05,16.72,138,230735,1
11:01:02,16.71,77,128667,-1
11:00:59,16.72,46,76912,1
11:00:56,16.72,29,48488,1
11:00:53,16.71,1,1671,-1
11:00:50,16.72,0,0,1
11:00:47,16.72,2,3344,1
11:00:44,16.72,37,61863,1
11:00:41,16.71,26,43446,1
11:00:38,16.71,7,11697,1
11:00:35,16.71,106,177126,1
11:00:32,16.7,27,45090,-1
11:00:29,16.7,41,68470,-1
11:00:26,16.7,22,36740,-1
11:00:23,16.7,45,75717,1
11:00:20,16.7,109,182030,1
11:00:17,16.7,199,332330,1
11:00:14,16.7,157,262190,1
11:00:11,16.7,27,45090,1
11:00:08,16.69,110,183590,-1
11:00:05,16.7,173,288910,1
11:00:02,16.7,35,58450,1
10:59:59,16.7,136,227120,1
10:59:56,16.7,40,66800,1
10:59:53,16.7,18,30060,1
10:59:50,16.7,66,110220,1
10:59:47,16.7,30,50100,1
10:59:44,16.7,1,1670,1
10:59:41,16.7,6,10020,1
10:59:38,16.7,15,25050,1
10:59:35,16.69,6,10014,-1
10:59:32,16.69,11,18359,-1
10:59:29,16.69,25,41725,-1
10:59:23,16.69,11,18359,1
10:59:20,16.69,16,26704,1
10:59:17,16.69,3,5007,1
10:59:14,16.69,72,120168,-1
10:59:11,16.7,14,23380,1
10:59:08,16.68,250,417000,-1
10:59:05,16.68,55,91740,-1
10:59:02,16.68,103,171804,-1
10:58:59,16.68,117,195906,-1
10:58:56,16.7,308,514360,1
10:58:53,16.7,48,80160,1
10:58:50,16.7,42,70140,1
10:58:47,16.7,11,18370,1
10:58:44,16.7,14,23380,1
10:58:41,16.7,200,334000,-1
10:58:35,16.74,8,13391,1
10:58:32,16.74,200,334799,1
10:58:29,16.71,1401,2341071,-1
10:58:26,16.73,1,1673,1
10:58:23,16.73,24,40152,1
10:58:20,16.73,42,70266,0
10:58:17,16.7,444,742047,-1
10:58:14,16.74,16,26783,1
10:58:11,16.74,2,3347,1
10:58:08,16.74,10,16740,-1
10:58:05,16.74,135,225989,-1
10:58:02,16.75,8,13400,1
10:57:59,16.71,293,489603,-1
10:57:56,16.75,54,90450,1
10:57:53,16.71,39,65169,-1
10:57:50,16.71,34,58317,-1
10:57:47,16.74,399,669348,1
10:57:44,16.73,18,30114,1
10:57:41,16.72,47,78584,1
10:57:38,16.7,821,1371070,-1
10:57:35,16.71,328,548505,-1
10:57:32,16.71,63,105273,0
10:57:29,16.7,546,911820,-1
10:57:26,16.71,43,71853,-1
10:57:23,16.7,694,1160599,-1
10:57:20,16.71,31,51801,-1
10:57:17,16.71,15,25065,1
10:57:14,16.71,79,132009,1
10:57:11,16.71,76,126996,1
10:57:08,16.71,16,26736,1
10:57:05,16.71,153,255663,1
10:57:02,16.71,47,78537,1
10:56:59,16.71,103,172113,1
10:56:55,16.71,922,1540662,-1
10:56:53,16.73,49,81977,1
10:56:50,16.73,9,15057,1
10:56:46,16.73,79,132167,1
10:56:43,16.73,1166,1950718,1
10:56:41,16.72,151,252471,-1
10:56:37,16.73,36,60228,1
10:56:35,16.73,286,478478,1
10:56:31,16.72,85,142120,-1
10:56:29,16.73,16,26768,1
10:56:26,16.72,47,78584,-1
10:56:22,16.73,57,95361,1
10:56:19,16.73,134,224182,1
10:56:16,16.73,43,71939,1
10:56:14,16.73,465,777945,-1
10:56:11,16.74,7,11717,-1
10:56:07,16.74,31,51893,-1
10:56:05,16.74,22,36828,1
10:55:58,16.74,18,30131,1
10:55:55,16.74,183,306342,1
10:55:52,16.73,34,56882,-1
10:55:49,16.73,12,20076,-1
10:55:46,16.74,23,38502,1
10:55:43,16.73,35,58555,-1
10:55:40,16.74,101,169073,1
10:55:38,16.74,105,175769,-1
10:55:35,16.74,15,25109,-1
10:55:31,16.75,5,8375,1
10:55:28,16.74,41,68634,-1
10:55:25,16.75,35,58625,1
10:55:22,16.75,35,58625,1
10:55:19,16.74,19,31805,1
10:55:16,16.74,23,38502,1
10:55:13,16.74,186,311364,-1
10:55:10,16.74,11,18414,-1
10:55:07,16.75,2,3350,1
10:55:04,16.74,50,83699,-1
10:55:01,16.75,32,53600,1
10:54:58,16.75,57,95475,1
10:54:55,16.75,905,1515875,-1
10:54:52,16.77,229,384033,-1
10:54:49,16.78,18,30204,1
10:54:46,16.78,44,73832,1
10:54:42,16.78,87,145986,-1
10:54:40,16.78,261,437958,-1
10:54:37,16.78,183,307074,-1
10:54:34,16.78,94,157732,-1
10:54:30,16.79,61,102419,1
10:54:28,16.79,5,8395,1
10:54:25,16.79,21,35259,1
10:54:22,16.79,169,283751,-1
10:54:18,16.8,1,1680,1
10:54:15,16.79,6,10074,-1
10:54:13,16.79,19,31901,-1
10:54:10,16.79,1,1679,-1
10:54:07,16.8,4,6720,1
10:54:04,16.8,76,129343,-1
10:54:00,16.83,38,63953,0
10:53:56,16.84,504,848752,1
10:53:54,16.83,46,77417,1
10:53:51,16.83,16,26927,1
10:53:48,16.83,1,1682,1
10:53:45,16.82,28,47096,-1
10:53:42,16.82,31,52142,-1
10:53:39,16.83,2,3365,1
10:53:36,16.82,23,38686,1
10:53:33,16.82,15,25230,1
10:53:30,16.82,25,42050,1
10:53:27,16.82,83,139606,1
10:53:24,16.8,2753,4625040,-1
10:53:21,16.81,52,87412,1
10:53:18,16.81,33,55472,1
10:53:14,16.81,15,25214,1
10:53:12,16.81,91,152971,-1
10:53:09,16.81,51,85731,-1
10:53:06,16.82,33,55506,1
10:53:03,16.82,26,43732,1
10:53:00,16.81,9,15128,-1
10:52:57,16.81,101,169781,-1
10:52:54,16.82,48,80736,1
10:52:51,16.82,3,5046,1
10:52:48,16.82,278,467596,-1
10:52:45,16.83,4,6731,-1
10:52:42,16.84,1,1684,1
10:52:38,16.84,6,10104,1
10:52:36,16.84,2,3368,1
10:52:33,16.84,155,261020,1
10:52:29,16.84,24,40416,-1
10:52:26,16.85,5,8425,1
10:52:24,16.85,19,32015,1
10:52:21,16.85,4,6740,1
10:52:18,16.85,75,126375,-1
10:52:15,16.85,51,85935,-1
10:52:12,16.86,2,3372,-1
10:52:09,16.87,1,1687,1
10:52:06,16.85,47,79195,-1
10:52:03,16.85,31,52235,-1
10:52:00,16.85,23,38755,-1
10:51:57,16.86,55,92730,1
10:51:54,16.87,26,43862,1
10:51:51,16.86,18,30348,1
10:51:48,16.86,40,67440,-1
10:51:44,16.86,38,64068,-1
10:51:42,16.86,38,64068,-1
10:51:39,16.87,31,52297,1
10:51:33,16.86,34,57324,-1
10:51:30,16.87,2,3374,1
10:51:27,16.88,4,6752,1
10:51:24,16.88,18,30384,1
10:51:21,16.87,114,192318,-1
10:51:18,16.88,9,15192,1
10:51:15,16.88,608,1026303,-1
10:51:11,16.9,13,21969,1
10:51:09,16.88,310,523279,-1
10:51:06,16.88,51,86088,-1
10:51:03,16.9,8,13519,1
10:51:00,16.9,3,5070,1
10:50:57,16.9,202,341380,1
10:50:54,16.9,21,35490,1
10:50:51,16.9,9,15209,-1
10:50:48,16.9,5,8450,-1
10:50:41,16.91,11,18601,1
10:50:33,16.9,5,8450,-1
10:50:30,16.91,7,11837,1
10:50:27,16.91,6,10146,1
10:50:24,16.9,166,280540,-1
10:50:21,16.91,10,16910,-1
10:50:15,16.91,6,10146,1
10:50:12,16.9,25,42250,-1
10:50:09,16.9,301,508689,-1
10:50:05,16.92,3,5076,1
10:50:03,16.91,58,98078,-1
10:50:00,16.91,27,45657,-1
10:49:57,16.92,190,321480,1
10:49:54,16.91,48,81168,1
10:49:51,16.9,42,70980,-1
10:49:48,16.91,4,6764,1
10:49:45,16.9,95,160550,-1
10:49:42,16.9,59,99709,-1
10:49:39,16.9,41,69290,-1
10:49:32,16.91,12,20292,1
10:49:30,16.9,6,10140,-1
10:49:27,16.9,253,427569,1
10:49:21,16.9,17,28729,1
10:49:15,16.9,20,33800,-1
10:49:11,16.9,3,5070,-1
10:49:09,16.9,9,15209,-1
10:49:06,16.91,31,52421,1
10:49:03,16.91,1,1691,1
10:49:00,16.91,5,8455,1
10:48:56,16.91,2,3382,1
10:48:54,16.92,19,32148,1
10:48:51,16.92,9,15228,1
10:48:48,16.9,52,87879,-1
10:48:45,16.92,252,426384,1
10:48:41,16.92,1,1692,1
10:48:39,16.92,2,3384,1
10:48:36,16.91,40,67640,-1
10:48:33,16.92,28,47376,1
10:48:26,16.92,9,15228,1
10:48:24,16.92,30,50760,1
10:48:21,16.91,219,370329,1
10:48:14,16.89,2,3378,-1
10:48:12,16.9,2,3379,1
10:48:09,16.9,2,3379,1
10:48:06,16.9,33,55769,1
10:48:03,16.89,23,38847,-1
10:48:00,16.9,3,5070,0
10:47:57,16.92,221,373932,1
10:47:54,16.91,2,3382,1
10:47:51,16.89,11,18579,-1
10:47:48,16.91,17,28747,-1
10:47:45,16.91,5,8455,0
10:47:42,16.89,401,677289,-1
10:47:39,16.91,77,130207,-1
10:47:33,16.92,5,8460,-1
10:47:30,16.92,3,5076,-1
10:47:27,16.93,2,3386,1
10:47:20,16.92,7,11844,-1
10:47:18,16.92,17,28764,1
10:47:15,16.92,105,177660,1
10:47:12,16.92,13,21996,1
10:47:09,16.92,27,45684,-1
10:47:06,16.93,310,524830,1
10:47:02,16.92,106,179352,-1
10:47:00,16.93,101,170993,1
10:46:57,16.93,9,15237,1
10:46:54,16.93,13,22009,1
10:46:51,16.93,17,28781,1
10:46:44,16.92,2,3384,-1
10:46:41,16.93,8,13544,1
10:46:39,16.92,162,274104,1
10:46:35,16.92,1,1692,1
10:46:33,16.91,28,47348,-1
10:46:30,16.92,8,13536,1
10:46:26,16.92,59,99828,1
10:46:24,16.92,16,27072,1
10:46:21,16.92,2,3384,1
10:46:18,16.92,15,25380,1
10:46:15,16.92,201,340092,1
10:46:11,16.92,33,55836,1
10:46:08,16.91,71,120061,-1
10:46:05,16.91,48,81168,1
10:46:02,16.91,27,45657,1
10:45:57,16.91,3,5073,1
10:45:54,16.91,16,27056,1
10:45:50,16.91,10,16910,0
10:45:48,16.92,19,32148,1
10:45:45,16.92,4,6768,1
10:45:41,16.92,79,133668,1
10:45:38,16.91,134,226594,1
10:45:35,16.9,4,6759,1
10:45:32,16.91,121,204611,1
10:45:29,16.91,2,3382,1
10:45:26,16.91,9,15219,1
10:45:23,16.9,150,253499,-1
10:45:21,16.91,16,27056,1
10:45:18,16.91,1,1691,-1
10:45:14,16.91,1,1691,-1
10:45:11,16.92,6,10152,0
10:45:09,16.93,121,204853,1
10:45:06,16.91,47,79477,0
10:45:03,16.91,68,114988,-1
10:44:59,16.92,3,5076,1
10:44:56,16.92,7,11844,0
10:44:54,16.93,43,72799,1
10:44:51,16.92,10,16920,-1
10:44:45,16.93,3,5079,1
10:44:42,16.92,55,93060,-1
10:44:38,16.93,271,458803,1
10:44:36,16.93,8,13544,1
10:44:32,16.93,61,103273,1
10:44:30,16.92,103,174276,1
10:44:27,16.92,12,20304,1
10:44:23,16.92,16,27072,1
10:44:20,16.91,2,3382,-1
10:44:17,16.92,7,11844,1
10:44:15,16.92,153,258876,1
10:44:11,16.92,7,11844,1
10:44:08,16.91,21,35511,-1
10:44:05,16.92,72,121824,1
10:44:02,16.92,46,77832,1
10:43:59,16.92,17,28764,1
10:43:56,16.92,366,619272,1
10:43:53,16.92,4,6768,1
10:43:50,16.92,23,38916,-1
10:43:47,16.94,369,625086,1
10:43:44,16.93,13,22009,1
10:43:41,16.92,232,392544,1
10:43:38,16.9,101,170690,1
10:43:35,16.9,15,25349,1
10:43:32,16.9,1,1689,1
10:43:29,16.9,41,69290,1
10:43:26,16.9,4,6759,1
10:43:23,16.89,54,91206,1
10:43:20,16.89,17,28713,1
10:43:17,16.89,43,72627,1
10:43:14,16.88,225,379800,-1
10:43:11,16.89,62,104718,1
10:43:08,16.88,151,254887,1
10:43:05,16.87,31,52297,1
10:43:02,16.86,28,47208,-1
10:42:59,16.87,1,1687,1
10:42:56,16.86,12,20232,-1
10:42:53,16.87,2,3374,1
10:42:50,16.87,49,82663,1
10:42:47,16.86,55,92730,1
10:42:44,16.86,1,1686,1
10:42:41,16.86,26,43836,1
10:42:38,16.86,42,70812,-1
10:42:35,16.87,12,20244,1
10:42:29,16.87,5,8435,1
10:42:26,16.87,11,18557,1
10:42:23,16.87,2,3374,1
10:42:20,16.86,42,70812,-1
10:42:17,16.87,289,487543,1
10:42:14,16.85,10,16850,-1
10:42:08,16.85,12,20220,-1
10:42:05,16.87,31,52297,1
10:42:02,16.86,8,13488,1
10:41:59,16.86,11,18546,1
10:41:56,16.86,36,60696,1
10:41:53,16.86,2,3372,1
10:41:50,16.86,39,65754,1
10:41:47,16.85,204,343740,1
10:41:41,16.85,2,3370,1
10:41:38,16.85,30,50550,-1
10:41:29,16.86,5,8430,1
10:41:26,16.86,85,143310,1
10:41:23,16.86,17,28662,1
10:41:20,16.86,18,30348,1
10:41:17,16.86,4,6744,1
10:41:14,16.86,89,150054,1
10:41:11,16.86,16,26976,1
10:41:08,16.86,11,18546,1
10:41:05,16.86,138,232668,1
10:41:02,16.85,15,25275,-1
10:40:59,16.86,11,18546,1
10:40:56,16.85,54,90990,1
10:40:53,16.83,96,161567,-1
10:40:50,16.83,6,10097,-1
10:40:47,16.84,37,62308,1
10:40:44,16.83,1,1682,-1
10:40:38,16.84,8,13472,1
10:40:35,16.84,1,1684,1
10:40:32,16.84,19,31996,1
10:40:29,16.84,113,190308,1
10:40:26,16.83,3,5048,-1
10:40:23,16.84,21,35364,1
10:40:20,16.84,50,84200,1
10:40:17,16.84,69,116196,1
10:40:14,16.84,1,1684,1
10:40:11,16.83,9,15146,-1
10:40:08,16.83,23,38708,-1
10:40:05,16.84,41,69044,1
10:40:02,16.84,1,1684,1
10:39:59,16.84,22,37048,1
10:39:56,16.84,3,5052,1
10:39:53,16.84,17,28628,1
10:39:50,16.84,4,6736,1
10:39:47,16.84,81,136404,-1
10:39:44,16.85,29,48865,-1
10:39:41,16.86,8,13488,1
10:39:38,16.85,42,70770,-1
10:39:35,16.86,1,1686,1
10:39:32,16.85,20,33700,-1
10:39:29,16.85,2,3370,-1
10:39:26,16.86,28,47208,-1
10:39:23,16.87,36,60732,1
10:39:20,16.85,4,6740,-1
10:39:14,16.86,16,26976,1
10:39:11,16.86,32,53952,-1
10:39:08,16.86,4,6744,-1
10:39:05,16.86,64,107904,-1
10:39:02,16.86,10,16860,1
10:38:59,16.86,32,53952,1
10:38:56,16.86,26,43836,1
10:38:53,16.85,48,80880,-1
10:38:50,16.86,3,5058,1
10:38:47,16.85,73,123005,-1
10:38:44,16.86,15,25290,-1
10:38:41,16.87,1,1687,1
10:38:38,16.86,38,64068,1
10:38:35,16.86,87,146682,1
10:38:29,16.85,2,3370,-1
10:38:26,16.86,41,69126,1
10:38:22,16.86,17,28662,1
10:38:20,16.85,11,18535,-1
10:38:17,16.86,1,1686,1
10:38:14,16.85,20,33700,-1
10:38:10,16.86,23,38778,1
10:38:08,16.85,38,64030,-1
10:38:04,16.85,87,146595,1
10:38:02,16.85,9,15165,1
10:37:59,16.85,9,15165,1
10:37:56,16.85,41,69085,1
10:37:53,16.84,132,222288,-1
10:37:50,16.85,1,1685,1
10:37:46,16.84,3,5052,-1
10:37:43,16.84,9,15156,-1
10:37:40,16.85,4,6740,1
10:37:38,16.84,29,48836,-1
10:37:34,16.84,138,232392,1
10:37:31,16.82,95,159790,-1
10:37:28,16.84,6,10104,1
10:37:25,16.83,11,18512,-1
10:37:23,16.83,182,306305,-1
10:37:19,16.83,86,144737,1
10:37:16,16.83,5,8415,1
10:37:13,16.83,4,6731,1
10:37:10,16.83,10,16830,1
10:37:07,16.83,30,50489,1
10:37:04,16.82,113,190066,1
10:37:01,16.82,2,3364,1
10:36:58,16.82,3,5046,1
10:36:55,16.82,61,102602,1
10:36:52,16.81,8,13447,-1
10:36:49,16.82,55,92510,1
10:36:46,16.81,89,149609,1
10:36:43,16.81,3,5043,1
10:36:40,16.81,8,13447,1
10:36:37,16.81,69,115988,1
10:36:34,16.8,441,741804,1
10:36:31,16.79,21,35259,-1
10:36:28,16.8,19,31920,-1
10:36:25,16.81,101,169781,1
10:36:22,16.8,38,63840,1
10:36:19,16.79,10,16790,-1
10:36:16,16.8,30,50400,1
10:36:13,16.8,43,72240,1
10:36:10,16.79,29,48691,-1
10:36:07,16.79,26,43654,-1
10:36:04,16.79,106,177974,1
10:36:01,16.79,25,41975,1
10:35:58,16.78,23,38594,-1
10:35:55,16.79,6,10074,1
10:35:52,16.79,6,10074,1
10:35:49,16.79,27,45333,1
10:35:46,16.79,220,369380,-1
10:35:43,16.8,151,253680,1
10:35:39,16.8,22,36960,1
10:35:37,16.8,43,72240,1
10:35:34,16.8,11,18480,1
10:35:31,16.8,20,33600,1
10:35:28,16.8,72,120960,1
10:35:23,16.8,448,752640,-1
10:35:20,16.82,1,1682,1
10:35:17,16.82,16,26912,1
10:35:14,16.81,17,28576,1
10:35:11,16.81,340,571540,-1
10:35:08,16.82,40,67280,-1
10:35:05,16.82,119,200158,1
10:35:02,16.82,53,89146,1
10:34:59,16.81,34,57153,-1
10:34:56,16.83,27,45440,1
10:34:53,16.8,496,833280,-1
10:34:50,16.81,530,890929,1
10:34:47,16.81,20,33620,1
10:34:44,16.81,83,139523,-1
10:34:41,16.82,40,67280,-1
10:34:38,16.82,140,235480,1
10:34:35,16.82,311,523102,1
10:34:32,16.82,135,227070,1
10:34:29,16.82,11,18502,1
10:34:26,16.81,229,384948,-1
10:34:23,16.81,36,60515,-1
10:34:20,16.82,27,45414,1
10:34:17,16.82,9,15138,1
10:34:14,16.82,90,151380,-1
10:34:11,16.82,46,77372,-1
10:34:08,16.84,336,565824,1
10:34:05,16.82,95,159790,-1
10:34:02,16.83,2,3365,1
10:33:59,16.82,3,5046,-1
10:33:56,16.83,37,62270,-1
10:33:53,16.84,5,8420,1
10:33:50,16.84,39,65676,1
10:33:47,16.83,94,158201,-1
10:33:44,16.84,140,235760,-1
10:33:41,16.85,72,121320,1
10:33:38,16.84,213,358692,-1
10:33:35,16.85,30,50550,1
10:33:32,16.84,85,143140,-1
10:33:29,16.84,96,161664,-1
10:33:23,16.85,29,48865,1
10:33:20,16.84,16,26944,-1
10:33:17,16.85,43,72455,-1
10:33:14,16.85,209,352165,-1
10:33:11,16.85,13,21905,-1
10:33:08,16.86,205,345630,1
10:33:05,16.86,33,55638,1
10:33:02,16.86,13,21918,1
10:32:59,16.86,11,18546,1
10:32:56,16.86,52,87672,1
10:32:53,16.86,21,35406,-1
10:32:50,16.86,36,60696,-1
10:32:47,16.86,10,16860,-1
10:32:44,16.87,11,18557,1
10:32:41,16.87,14,23618,1
10:32:38,16.85,263,443155,-1
10:32:32,16.86,25,42150,-1
10:32:29,16.87,15,25305,-1
10:32:26,16.88,29,48952,1
10:32:23,16.88,1,1688,1
10:32:20,16.87,60,101220,-1
10:32:17,16.87,1,1687,0
10:32:14,16.88,7,11816,1
10:32:11,16.88,11,18568,1
10:32:08,16.88,9,15192,1
10:32:05,16.88,29,48952,1
10:32:02,16.86,4,6744,1
10:31:59,16.86,313,527718,-1
10:31:56,16.87,11,18557,0
10:31:53,16.85,206,347110,-1
10:31:50,16.88,4,6752,1
10:31:47,16.85,55,92675,-1
10:31:44,16.86,44,74184,1
10:31:41,16.85,22,37070,-1
10:31:38,16.86,8,13488,1
10:31:35,16.86,257,433302,-1
10:31:32,16.89,115,194235,1
10:31:29,16.88,340,573920,1
10:31:26,16.88,3,5064,1
10:31:23,16.88,184,310592,-1
10:31:20,16.89,16,27024,1
10:31:17,16.89,2,3378,1
10:31:14,16.89,1,1689,1
10:31:11,16.9,16,27039,1
10:31:08,16.89,32,54048,-1
10:31:05,16.9,34,57459,1
10:31:02,16.9,14,23659,1
10:30:59,16.9,35,59149,1
10:30:56,16.9,335,566150,-1
10:30:53,16.9,0,0,-1
10:30:50,16.9,12,20280,-1
10:30:47,16.92,2,3384,1
10:30:44,16.9,64,108159,-1
10:30:41,16.92,1,1692,1
10:30:38,16.9,116,196039,-1
10:30:35,16.92,4,6768,1
10:30:32,16.92,385,651420,-1
10:30:29,16.93,22,37246,-1
10:30:26,16.95,33,55935,1
10:30:23,16.94,30,50820,1
10:30:20,16.94,20,33880,0
10:30:17,16.95,270,457650,1
10:30:14,16.95,1,1695,1
10:30:11,16.95,30,50850,1
10:30:08,16.95,12,20340,1
10:30:05,16.95,84,142380,1
10:30:02,16.95,98,166584,-1
10:29:59,16.95,128,216960,-1
10:29:56,16.96,32,54272,1
10:29:53,16.95,53,89835,-1
10:29:50,16.95,45,76275,-1
10:29:47,16.96,15,25440,1
10:29:44,16.96,14,24965,1
10:29:41,16.96,8,13568,1
10:29:38,16.96,29,49184,1
10:29:35,16.96,37,62752,1
10:29:32,16.96,29,49184,1
10:29:29,16.96,3,5088,1
10:29:26,16.94,23,38962,-1
10:29:23,16.95,42,71190,1
10:29:20,16.94,154,260876,-1
10:29:17,16.95,13,22035,1
10:29:14,16.94,251,425194,1
10:29:11,16.94,1,1694,1
10:29:08,16.93,13,22009,-1
10:29:05,16.94,3,5082,1
10:29:02,16.93,11,18623,-1
10:28:59,16.94,59,99946,1
10:28:56,16.92,17,28764,-1
10:28:53,16.93,206,348758,1
10:28:50,16.93,13,22009,1
10:28:47,16.93,55,93115,1
10:28:44,16.93,8,13544,1
10:28:41,16.93,115,194695,1
10:28:38,16.93,24,40632,1
10:28:35,16.93,9,15237,1
10:28:32,16.93,146,247178,1
10:28:29,16.92,598,1011816,1
10:28:26,16.9,5,8450,-1
10:28:20,16.91,14,23674,1
10:28:17,16.9,197,332930,1
10:28:14,16.9,2,3379,1
10:28:11,16.9,123,207869,1
10:28:08,16.9,32,54079,1
10:28:02,16.89,20,33780,-1
10:27:59,16.89,3,5067,1
10:27:56,16.89,25,42225,1
10:27:53,16.89,8,13512,1
10:27:50,16.89,83,140187,1
10:27:47,16.89,2,3378,0
10:27:44,16.9,24,40560,1
10:27:41,16.89,3,5067,0
10:27:38,16.9,105,177449,1
10:27:35,16.88,2,3376,-1
10:27:32,16.9,5,8450,1
10:27:29,16.9,1,1689,1
10:27:26,16.9,140,236599,-1
10:27:23,16.9,254,429259,1
10:27:20,16.86,10,16860,-1
10:27:17,16.88,1,1688,1
10:27:14,16.88,33,55704,1
10:27:11,16.88,82,138416,1
10:27:08,16.87,78,131586,1
10:27:05,16.86,99,166914,1
10:27:02,16.86,35,59010,1
10:26:59,16.86,27,45522,-1
10:26:56,16.87,8,13496,1
10:26:53,16.87,30,50610,1
10:26:50,16.86,101,170286,-1
10:26:44,16.88,3,5064,1
10:26:41,16.88,52,87776,1
10:26:38,16.88,56,94528,1
10:26:35,16.87,73,123151,1
10:26:32,16.85,148,249380,-1
10:26:29,16.87,5,8435,1
10:26:26,16.86,100,168600,1
10:26:23,16.86,21,35406,1
10:26:20,16.86,24,40464,1
10:26:17,16.86,94,158484,-1
10:26:14,16.87,60,101220,1
10:26:11,16.87,2,3374,1
10:26:08,16.87,6,10122,1
10:26:05,16.85,68,114580,-1
10:26:02,16.85,25,42125,-1
10:25:59,16.85,73,123005,-1
10:25:56,16.86,34,57324,1
10:25:53,16.85,148,249380,1
10:25:50,16.84,128,215552,-1
10:25:47,16.84,50,84200,-1
10:25:44,16.84,188,316592,-1
10:25:41,16.84,25,42100,-1
10:25:38,16.84,247,415948,1
10:25:35,16.84,8,13472,1
10:25:32,16.84,25,42100,1
10:25:29,16.84,37,62308,-1
10:25:26,16.85,22,37070,1
10:25:23,16.85,135,227475,1
10:25:20,16.84,24,40416,-1
10:25:17,16.85,311,524035,-1
10:25:14,16.86,95,160170,1
10:25:11,16.86,38,64068,1
10:25:08,16.86,17,28662,1
10:25:05,16.86,30,50580,1
10:25:02,16.86,10,16860,1
10:24:59,16.86,110,185460,-1
10:24:56,16.87,46,77602,1
10:24:53,16.87,34,57358,1
10:24:50,16.87,54,91098,-1
10:24:47,16.88,92,155296,1
10:24:44,16.87,33,55671,-1
10:24:41,16.88,21,35448,1
10:24:38,16.88,31,52328,1
10:24:35,16.88,442,746096,-1
10:24:32,16.89,96,162144,-1
10:24:29,16.9,4,6759,1
10:24:26,16.9,8,13519,1
10:24:23,16.9,29,49009,-1
10:24:20,16.9,16,27039,1
10:24:17,16.9,256,432639,-1
10:24:14,16.9,64,108159,-1
10:24:11,16.9,22,37180,-1
10:24:08,16.91,13,21983,1
10:24:05,16.9,79,133510,-1
10:24:02,16.9,22,37180,-1
10:23:59,16.91,28,47348,1
10:23:56,16.9,14,23659,1
10:23:53,16.9,113,190969,0
10:23:50,16.91,50,84550,0
10:23:47,16.92,153,258876,1
10:23:44,16.92,239,404388,1
10:23:41,16.9,37,62529,1
10:23:38,16.88,86,145168,-1
10:23:35,16.9,17,28729,1
10:23:32,16.9,20,33800,1
10:23:29,16.9,11,18590,1
10:23:26,16.9,5,8450,1
10:23:23,16.9,123,207869,1
10:23:20,16.9,143,241669,1
10:23:17,16.9,88,148720,1
10:23:14,16.9,45,76050,1
10:23:11,16.88,116,195808,-1
10:23:08,16.88,310,523279,1
10:23:05,16.87,185,312095,-1
10:23:02,16.88,18,30384,1
10:22:59,16.88,219,369672,-1
10:22:56,16.89,263,444207,1
10:22:53,16.88,29,48952,-1
10:22:50,16.89,23,38847,1
10:22:47,16.88,75,126599,-1
10:22:44,16.89,70,118230,1
10:22:41,16.88,39,65832,1
10:22:38,16.88,76,128287,1
10:22:35,16.88,41,69208,1
10:22:32,16.85,49,82565,-1
10:22:29,16.86,9,15174,1
10:22:26,16.86,84,141624,1
10:22:23,16.86,358,603588,1
10:22:20,16.86,199,335514,1
10:22:17,16.85,198,333630,-1
10:22:14,16.85,39,65715,-1
10:22:11,16.85,47,79195,-1
10:22:08,16.85,52,87620,-1
10:22:05,16.85,632,1064920,1
10:22:02,16.85,70,117950,1
10:21:59,16.85,20,33700,1
10:21:56,16.85,13,21905,1
10:21:53,16.85,148,249380,-1
10:21:50,16.86,67,112962,1
10:21:47,16.83,162,272646,0
10:21:44,16.83,48,80783,1
10:21:41,16.83,324,545292,1
10:21:38,16.83,1114,1874861,-1
10:21:35,16.85,75,126375,-1
10:21:32,16.86,225,379350,-1
10:21:29,16.87,112,188944,1
10:21:26,16.87,166,280042,-1
10:21:23,16.9,163,275470,1
10:21:20,16.89,712,1202568,-1
10:21:17,16.9,93,157170,1
10:21:14,16.89,74,124986,-1
10:21:11,16.9,5,8450,1
10:21:08,16.9,70,118299,1
10:21:05,16.89,40,67560,1
10:21:02,16.89,74,124986,-1
10:20:59,16.89,9,15201,-1
10:20:56,16.89,137,231393,-1
10:20:53,16.9,337,569530,1
10:20:50,16.9,137,232036,-1
10:20:47,16.91,82,138662,1
10:20:44,16.9,213,359969,-1
10:20:41,16.91,82,138662,1
10:20:38,16.9,57,96329,-1
10:20:35,16.91,73,123443,1
10:20:32,16.91,91,153881,-1
10:20:29,16.91,125,211375,-1
10:20:26,16.91,134,226594,-1
10:20:23,16.92,156,263952,1
10:20:20,16.91,188,317908,-1
10:20:17,16.92,35,59220,1
10:20:14,16.91,34,57494,-1
10:20:10,16.92,124,209808,1
10:20:08,16.91,193,326363,-1
10:20:05,16.91,79,133589,1
10:20:02,16.9,104,175759,-1
10:19:58,16.92,322,544824,1
10:19:55,16.92,20,33840,1
10:19:53,16.91,45,76095,1
10:19:50,16.92,138,233496,1
10:19:46,16.92,87,147204,1
10:19:43,16.92,389,658188,1
10:19:41,16.91,62,104842,-1
10:19:38,16.92,168,284256,1
10:19:34,16.92,63,106596,-1
10:19:31,16.92,199,336708,-1
10:19:29,16.92,174,294408,-1
10:19:25,16.93,90,152370,1
10:19:23,16.91,273,461643,-1
10:19:19,16.93,3,5079,1
10:19:16,16.92,67,113364,-1
10:19:13,16.93,64,108352,1
10:19:10,16.9,488,824719,-1
10:19:07,16.91,126,213066,-1
10:19:04,16.95,617,1045815,1
10:19:01,16.94,56,94864,1
10:18:58,16.94,87,147378,1
10:18:55,16.92,153,258876,1
10:18:52,16.92,2536,4292181,-1
10:18:49,16.95,2,3390,0
10:18:46,16.92,28,47376,-1
10:18:43,16.92,171,289332,-1
10:18:40,16.96,701,1188896,1
10:18:37,16.92,57,96444,-1
10:18:34,16.92,50,86207,1
10:18:31,16.92,111,187812,1
10:18:28,16.92,188,318180,-1
10:18:25,16.97,108,183276,1
10:18:22,16.97,554,940137,1
10:18:19,16.96,45,76320,-1
10:18:16,16.95,112,189840,-1
10:18:13,16.96,20,33920,-1
10:18:10,16.96,121,205216,-1
10:18:07,16.97,19,32242,1
10:18:04,16.96,38,64448,-1
10:18:01,16.96,93,157999,1
10:17:58,16.96,205,347680,1
10:17:55,16.95,87,147465,-1
10:17:52,16.96,64,108544,1
10:17:49,16.96,123,208608,1
10:17:46,16.95,52,88140,1
10:17:43,16.94,139,235466,-1
10:17:40,16.96,56,94976,1
10:17:37,16.96,72,122112,1
10:17:34,16.96,24,40704,1
10:17:31,16.96,340,576640,-1
10:17:28,16.98,124,210552,1
10:17:25,16.97,548,931126,1
10:17:20,16.97,120,203640,1
10:17:17,16.97,86,145942,-1
10:17:14,16.97,92,156124,-1
10:17:11,16.98,145,246210,1
10:17:08,16.97,73,123880,-1
10:17:05,16.97,404,685588,1
10:17:02,16.97,146,247761,1
10:16:59,16.97,75,127274,1
10:16:56,16.97,1571,2665987,-1
10:16:53,16.99,77,130822,1
10:16:50,16.97,292,495523,-1
10:16:47,16.98,37,62826,-1
10:16:44,16.98,38,64524,1
10:16:41,16.96,168,285097,-1
10:16:38,16.98,43,73014,1
10:16:35,16.97,7,11879,-1
10:16:32,16.99,812,1379587,-1
10:16:29,17.0,21,35700,1
10:16:26,17.0,78,132600,1
10:16:23,17.0,93,158100,1
10:16:20,17.0,128,217600,1
10:16:17,17.0,1720,2924000,-1
10:16:14,17.01,114,193914,1
10:16:11,17.0,194,329800,-1
10:16:08,17.01,24,40824,1
10:16:05,17.0,151,256700,-1
10:16:02,17.02,11,18722,1
10:15:59,17.0,412,700400,-1
10:15:56,17.02,109,185518,1
10:15:53,17.02,111,188922,0
10:15:50,17.0,2107,3581900,-1
10:15:47,17.03,69,117507,1
10:15:44,17.03,225,383175,-1
10:15:41,17.05,11,18755,1
10:15:38,17.03,276,470028,-1
10:15:35,17.04,75,127800,-1
10:15:32,17.04,67,114168,-1
10:15:29,17.05,3,5115,1
10:15:26,17.03,160,272480,-1
10:15:23,17.04,31,52824,0
10:15:21,17.04,14,23856,0
10:15:17,17.05,25,42625,1
10:15:14,17.05,127,216535,1
10:15:11,17.05,101,172205,1
10:15:08,17.04,232,395328,-1
10:15:05,17.05,17,28985,1
10:15:02,17.05,127,216535,-1
10:14:59,17.06,10,17060,1
10:14:56,17.05,212,361460,-1
10:14:53,17.06,150,255899,1
10:14:50,17.05,69,117645,-1
10:14:47,17.06,35,59709,-1
10:14:44,17.07,20,34140,0
10:14:41,17.06,189,322434,-1
10:14:38,17.06,15,25589,-1
10:14:36,17.07,7,11949,1
10:14:32,17.07,29,49503,1
10:14:29,17.07,84,143388,1
10:14:26,17.08,199,339891,1
10:14:23,17.08,7,11955,1
10:14:20,17.06,89,151834,-1
10:14:17,17.07,2,3414,1
10:14:14,17.08,1,1707,1
10:14:11,17.06,37,63121,1
10:14:08,17.07,91,155337,1
10:14:05,17.06,41,69946,0
10:14:02,17.08,654,1117032,1
10:13:59,17.08,28,47823,1
10:13:56,17.07,67,114369,1
10:13:53,17.05,381,649605,-1
10:13:50,17.08,41,70028,1
10:13:47,17.08,57,97355,1
10:13:44,17.08,18,30743,1
10:13:41,17.08,3,5123,1
10:13:38,17.06,7,11942,-1
10:13:35,17.09,72,123048,1
10:13:32,17.08,32,54655,-1
10:13:29,17.08,35,59779,-1
10:13:26,17.08,86,146887,-1
10:13:23,17.09,177,302493,1
10:13:20,17.06,13,22178,-1
10:13:17,17.06,108,184248,-1
10:13:14,17.06,210,358260,-1
10:13:11,17.08,1,1707,1
10:13:08,17.05,110,187550,-1
10:13:05,17.08,17,29035,1
10:13:02,17.06,90,153540,-1
10:12:59,17.06,7,11942,1
10:12:56,17.06,44,75064,1
10:12:53,17.06,508,866647,-1
10:12:50,17.08,99,169091,-1
10:12:47,17.09,15,25635,1
10:12:44,17.08,61,104187,-1
10:12:41,17.09,66,112794,1
10:12:38,17.09,53,90577,1
10:12:35,17.08,10,17080,-1
10:12:32,17.1,35,59850,1
10:12:29,17.09,82,140138,-1
10:12:26,17.09,17,29053,-1
10:12:23,17.09,9,15381,0
10:12:20,17.1,29,49590,1
10:12:17,17.08,140,239119,-1
10:12:14,17.09,41,70069,1
10:12:11,17.08,17,29035,-1
10:12:08,17.09,132,225588,1
10:12:05,17.09,38,64942,1
10:12:02,17.08,62,105895,-1
10:11:59,17.09,27,46143,-1
10:11:56,17.1,69,117990,1
10:11:53,17.08,25,42699,-1
10:11:50,17.08,18,30743,-1
10:11:47,17.1,184,314640,1
10:11:44,17.08,72,122975,-1
10:11:41,17.08,23,39283,-1
10:11:38,17.08,63,107603,-1
10:11:35,17.08,170,290360,-1
10:11:32,17.08,53,90523,-1
10:11:29,17.08,5,8540,-1
10:11:26,17.09,69,117921,1
10:11:23,17.08,76,129807,0
10:11:20,17.09,132,225588,1
10:11:17,17.09,28,47852,1
10:11:14,17.08,33,56363,-1
10:11:11,17.1,179,306090,1
10:11:08,17.07,9,15363,-1
10:11:05,17.09,37,63233,1
10:11:02,17.07,101,172407,-1
10:10:59,17.1,180,307800,1
10:10:56,17.09,143,244387,0
10:10:53,17.07,191,326037,-1
10:10:50,17.09,50,85450,1
10:10:47,17.08,10,17080,1
10:10:44,17.07,100,170700,-1
10:10:41,17.09,1,1709,1
10:10:38,17.09,119,203371,1
10:10:35,17.07,28,47796,-1
10:10:32,17.08,58,99063,0
10:10:29,17.1,82,140220,1
10:10:26,17.07,263,448941,-1
10:10:23,17.09,60,102540,1
10:10:20,17.09,30,51270,1
10:10:17,17.07,308,525756,-1
10:10:14,17.1,4,6840,1
10:10:11,17.08,101,172507,-1
10:10:08,17.08,49,83691,-1
10:10:05,17.08,672,1147776,1
10:10:02,17.07,19,32433,1
10:09:59,17.07,37,63159,1
10:09:56,17.07,105,179235,-1
10:09:53,17.08,70,119559,1
10:09:50,17.08,30,51239,1
10:09:47,17.08,9,15371,1
10:09:44,17.08,76,129807,1
10:09:41,17.08,25,42699,1
10:09:38,17.08,306,522647,-1
10:09:35,17.09,111,189699,-1
10:09:32,17.1,119,203490,1
10:09:29,17.1,146,249660,1
10:09:26,17.1,26,44460,1
10:09:23,17.1,121,206910,1
10:09:20,17.1,29,49590,1
10:09:17,17.1,66,112860,1
10:09:14,17.1,24,41040,1
10:09:11,17.1,102,174420,-1
10:09:08,17.09,107,182863,-1
10:09:05,17.1,20,34200,-1
10:09:02,17.11,125,213875,1
10:08:59,17.1,78,133380,-1
10:08:56,17.11,37,63307,1
10:08:53,17.09,119,203371,-1
10:08:50,17.1,55,94050,1
10:08:47,17.09,73,124757,-1
10:08:44,17.1,9,15390,1
10:08:41,17.1,16,27360,1
10:08:38,17.09,150,256350,-1
10:08:35,17.1,24,41040,0
10:08:32,17.11,402,687822,1
10:08:29,17.11,38,65018,1
10:08:26,17.1,127,217170,-1
10:08:23,17.11,50,85550,1
10:08:20,17.11,167,285737,1
10:08:17,17.11,17,29087,1
10:08:14,17.11,69,118059,1
10:08:11,17.1,113,193230,-1
10:08:08,17.11,17,29087,1
10:08:05,17.1,128,218880,0
10:08:02,17.1,37,63270,1
10:07:59,17.1,169,288990,-1
10:07:56,17.11,131,224141,1
10:07:53,17.11,129,220719,1
10:07:50,17.11,73,124903,1
10:07:47,17.11,62,106082,1
10:07:44,17.1,78,133380,-1
10:07:41,17.1,65,111150,-1
10:07:38,17.11,1,1711,1
10:07:35,17.11,11,18821,1
10:07:32,17.1,174,297540,1
10:07:29,17.1,187,319770,1
10:07:26,17.1,65,111150,1
10:07:23,17.11,123,210453,1
10:07:20,17.11,19,32509,1
10:07:17,17.1,77,131670,1
10:07:14,17.09,71,121339,1
10:07:11,17.09,92,157228,1
10:07:08,17.09,592,1011728,1
10:07:05,17.08,75,128099,-1
10:07:02,17.09,8,13672,1
10:06:59,17.08,142,242535,-1
10:06:56,17.09,23,39307,1
10:06:53,17.09,5,8545,1
10:06:50,17.09,45,76905,-1
10:06:47,17.13,109,186717,1
10:06:44,17.09,751,1283459,-1
10:06:41,17.12,40,68480,1
10:06:38,17.12,33,56496,1
10:06:35,17.12,65,111280,1
10:06:32,17.12,56,95872,1
10:06:29,17.12,8,13696,1
10:06:26,17.12,73,124976,1
10:06:23,17.12,158,270496,-1
10:06:20,17.13,29,49677,1
10:06:17,17.13,13,22269,1
10:06:14,17.13,270,462510,-1
10:06:11,17.14,61,104554,1
10:06:08,17.15,18,30869,1
10:06:05,17.14,36,61704,0
10:06:02,17.15,67,114904,1
10:05:59,17.15,1,1714,1
10:05:56,17.15,40,68600,1
10:05:53,17.16,266,456456,1
10:05:50,17.16,199,341484,1
10:05:47,17.15,4,6859,0
10:05:44,17.16,2,3432,1
10:05:41,17.16,12,20592,1
10:05:38,17.15,36,61739,-1
10:05:35,17.16,34,58344,1
10:05:32,17.16,36,61776,-1
10:05:29,17.17,24,41208,1
10:05:26,17.16,40,68640,1
10:05:23,17.16,375,643500,-1
10:05:20,17.16,14,24024,-1
10:05:17,17.17,23,39491,1
10:05:14,17.18,62,106516,1
10:05:11,17.18,221,379678,1
10:05:08,17.17,332,570044,-1
10:05:05,17.17,180,309060,-1
10:05:02,17.18,21,36078,1
10:04:59,17.18,53,91054,1
10:04:56,17.18,26,44668,1
10:04:53,17.18,77,132286,1
10:04:50,17.18,153,262854,1
10:04:47,17.18,24,41232,1
10:04:44,17.18,37,63566,1
10:04:41,17.17,32,54944,-1
10:04:38,17.18,57,97926,1
10:04:35,17.18,40,68720,1
10:04:32,17.18,8,13744,1
10:04:29,17.18,41,70438,-1
10:04:26,17.18,242,415756,-1
10:04:23,17.19,37,63603,1
10:04:20,17.19,129,221751,1
10:04:17,17.19,112,192528,1
10:04:14,17.18,138,237084,-1
10:04:11,17.18,37,63566,-1
10:04:08,17.18,82,140876,1
10:04:05,17.18,166,285188,1
10:04:02,17.18,35,60130,1
10:03:59,17.18,239,410602,1
10:03:56,17.18,14,24052,1
10:03:53,17.17,30,51510,-1
10:03:50,17.18,46,79028,1
10:03:47,17.18,10,17180,1
10:03:44,17.18,163,280034,1
10:03:41,17.17,69,118473,-1
10:03:38,17.18,40,68720,1
10:03:35,17.17,45,77265,-1
10:03:32,17.18,255,438090,1
10:03:29,17.18,38,65284,1
10:03:26,17.17,157,269569,1
10:03:23,17.16,308,528528,-1
10:03:20,17.17,111,190587,1
10:03:17,17.17,55,94435,1
10:03:14,17.17,121,207757,1
10:03:11,17.17,10,17170,1
10:03:08,17.16,31,53196,-1
10:03:05,17.17,146,250682,1
10:03:02,17.16,259,444444,1
10:02:59,17.16,32,54912,1
10:02:56,17.15,30,51449,-1
10:02:53,17.15,21,36015,1
10:02:50,17.15,114,195509,1
10:02:47,17.15,136,233239,1
10:02:44,17.15,80,137200,1
10:02:41,17.15,32,54879,1
10:02:38,17.15,11,18865,1
10:02:35,17.15,111,190364,1
10:02:32,17.14,21,35994,1
10:02:29,17.14,61,104554,1
10:02:26,17.14,178,305092,0
10:02:23,17.13,96,164448,-1
10:02:20,17.14,10,17140,1
10:02:16,17.14,48,82272,1
10:02:14,17.13,60,102780,1
10:02:10,17.12,136,232832,-1
10:02:08,17.12,50,85600,-1
10:02:05,17.12,39,66768,-1
10:02:02,17.13,50,85650,1
10:01:58,17.12,54,92448,-1
10:01:55,17.12,25,42800,-1
10:01:52,17.12,63,107856,-1
10:01:49,17.12,9,15408,1
10:01:46,17.12,103,176336,1
10:01:43,17.12,32,54784,-1
10:01:40,17.13,208,356304,1
10:01:38,17.13,27,46251,1
10:01:34,17.12,56,95872,-1
10:01:31,17.13,68,116484,-1
10:01:29,17.13,127,217551,-1
10:01:25,17.13,74,126761,1
10:01:22,17.12,25,42800,1
10:01:20,17.11,42,71862,-1
10:01:16,17.13,90,154170,1
10:01:13,17.1,63,107730,-1
10:01:10,17.12,35,59920,-1
10:01:07,17.13,99,169587,1
10:01:05,17.13,138,236394,1
10:01:01,17.13,1,1713,1
10:00:58,17.13,23,39399,1
10:00:55,17.13,20,34260,1
10:00:52,17.1,6,10260,1
10:00:49,17.1,16,27360,0
10:00:46,17.09,53,90577,-1
10:00:43,17.14,1,1714,1
10:00:40,17.11,13,22243,-1
10:00:37,17.11,71,121481,1
10:00:34,17.1,342,584820,-1
10:00:31,17.13,23,39399,1
10:00:28,17.12,69,118128,1
10:00:25,17.11,20,34220,0
10:00:22,17.1,125,213750,-1
10:00:19,17.13,110,188430,1
10:00:16,17.13,496,849648,1
10:00:13,17.12,75,128400,-1
10:00:10,17.13,2,3426,1
10:00:07,17.13,37,63380,1
10:00:04,17.13,51,87363,1
10:00:01,17.11,301,515011,-1
09:59:58,17.14,22,37708,1
09:59:55,17.15,120,205799,1
09:59:52,17.15,156,267540,1
09:59:49,17.15,6,10290,1
09:59:46,17.15,18,30869,0
09:59:43,17.16,75,128700,1
09:59:40,17.11,88,150568,-1
09:59:37,17.17,58,99586,1
09:59:34,17.16,15,25740,1
09:59:31,17.15,161,276115,-1
09:59:28,17.16,820,1407120,1
09:59:25,17.12,38,65056,0
09:59:18,17.15,60,102899,1
09:59:13,17.15,22,37730,-1
09:59:10,17.15,201,344715,-1
09:59:03,17.16,253,434148,1
09:58:57,17.15,188,322420,-1
09:58:53,17.15,90,154350,-1
09:58:50,17.15,110,188649,-1
09:58:47,17.15,116,198939,-1
09:58:44,17.15,1279,2193485,-1
09:58:41,17.15,62,106329,-1
09:58:38,17.16,170,291720,1
09:58:35,17.16,322,552552,1
09:58:32,17.16,28,48048,1
09:58:29,17.15,349,598535,-1
09:58:26,17.15,42,72030,-1
09:58:23,17.16,237,406692,1
09:58:20,17.15,54,92609,-1
09:58:17,17.16,6,10296,1
09:58:14,17.15,77,132055,-1
09:58:11,17.16,64,109824,1
09:58:08,17.16,68,116688,1
09:58:05,17.14,108,185112,-1
09:58:02,17.14,101,173114,-1
09:57:59,17.16,23,39468,-1
09:57:56,17.16,28,48048,-1
09:57:53,17.16,177,303732,1
09:57:50,17.15,377,646555,-1
09:57:47,17.16,681,1168596,1
09:57:44,17.14,59,101126,-1
09:57:41,17.15,1058,1814469,-1
09:57:38,17.16,27,46332,1
09:57:35,17.16,5,8580,1
09:57:32,17.16,244,418704,1
09:57:29,17.16,44,75504,1
09:57:26,17.16,81,138996,1
09:57:23,17.16,90,154440,1
09:57:20,17.15,508,871219,-1
09:57:17,17.18,37,63566,1
09:57:14,17.17,40,68680,1
09:57:11,17.18,145,249110,1
09:57:08,17.17,53,91001,0
09:57:05,17.18,354,608172,1
09:57:02,17.18,43,73874,1
09:56:59,17.18,38,65284,0
09:56:56,17.18,94,161492,1
09:56:53,17.16,418,717288,-1
09:56:50,17.19,1335,2294865,1
09:56:47,17.15,510,876210,-1
09:56:44,17.17,105,180285,1
09:56:41,17.17,53,91001,1
09:56:38,17.16,95,163020,0
09:56:35,17.17,113,194021,1
09:56:32,17.17,59,101303,1
09:56:29,17.16,173,296868,-1
09:56:26,17.16,18,30888,-1
09:56:23,17.17,137,235229,1
09:56:20,17.17,41,70397,1
09:56:17,17.17,105,180285,1
09:56:14,17.16,361,619476,-1
09:56:11,17.17,543,932485,1
09:56:08,17.15,396,679140,-1
09:56:05,17.15,214,367009,1
09:56:02,17.14,234,401076,-1
09:55:59,17.14,65,111410,-1
09:55:56,17.14,99,169686,-1
09:55:53,17.15,803,1377145,1
09:55:50,17.14,30,51420,1
09:55:47,17.14,58,99412,1
09:55:44,17.12,35,59920,-1
09:55:41,17.13,543,930159,-1
09:55:38,17.14,151,258814,-1
09:55:35,17.14,126,215964,-1
09:55:32,17.14,161,275954,-1
09:55:29,17.15,354,607110,1
09:55:26,17.11,180,307980,-1
09:55:23,17.13,26,44538,1
09:55:20,17.11,54,92394,-1
09:55:17,17.13,46,78798,1
09:55:14,17.1,46,78660,-1
09:55:11,17.13,7,11991,1
09:55:08,17.08,114,194711,-1
09:55:05,17.11,41,70151,0
09:55:02,17.14,948,1624872,1
09:54:59,17.11,138,236118,-1
09:54:56,17.13,22,37686,0
09:54:53,17.14,882,1511748,1
09:54:50,17.1,121,206910,-1
09:54:47,17.11,20,34220,-1
09:54:44,17.11,67,114637,1
09:54:41,17.1,29,49590,-1
09:54:38,17.11,335,573185,1
09:54:35,17.1,195,333450,-1
09:54:32,17.1,148,253080,-1
09:54:29,17.11,348,595428,-1
09:54:26,17.13,996,1706148,1
09:54:23,17.11,51,87261,1
09:54:20,17.11,65,111215,1
09:54:17,17.1,182,311220,-1
09:54:14,17.11,27,46197,1
09:54:11,17.1,158,270180,-1
09:54:08,17.12,108,184896,1
09:54:02,17.12,89,152368,1
09:53:59,17.12,276,472512,-1
09:53:56,17.13,248,424824,1
09:53:53,17.12,268,458816,-1
09:53:50,17.13,34,58242,1
09:53:47,17.13,15,25695,1
09:53:44,17.13,79,135327,1
09:53:41,17.13,107,183291,1
09:53:38,17.12,269,460528,-1
09:53:35,17.14,69,118266,0
09:53:32,17.15,20,34300,1
09:53:29,17.15,184,315560,1
09:53:26,17.15,22,37730,1
09:53:23,17.14,93,159402,0
09:53:20,17.15,153,262395,1
09:53:17,17.14,58,99412,1
09:53:14,17.13,271,464223,-1
09:53:11,17.15,164,281260,1
09:53:08,17.15,101,173215,1
09:53:05,17.15,413,708294,1
09:53:02,17.15,75,128624,1
09:52:59,17.15,116,198939,1
09:52:56,17.15,119,204084,1
09:52:53,17.12,136,232832,-1
09:52:50,17.12,415,710480,-1
09:52:47,17.13,205,351165,1
09:52:44,17.12,294,503328,1
09:52:41,17.12,20,34240,1
09:52:38,17.11,748,1279828,1
09:52:35,17.1,112,191520,-1
09:52:32,17.12,1079,1847248,1
09:52:29,17.1,25,42750,-1
09:52:26,17.1,20,34200,1
09:52:23,17.1,14,23940,1
09:52:20,17.09,176,300784,-1
09:52:17,17.1,18,30780,1
09:52:14,17.09,248,423832,0
09:52:11,17.1,22,37620,1
09:52:08,17.09,110,187990,-1
09:52:05,17.09,26,44434,0
09:52:02,17.08,19,32451,-1
09:51:59,17.08,102,175223,-1
09:51:56,17.08,106,181372,1
09:51:50,17.07,15,25605,-1
09:51:47,17.07,142,242394,1
09:51:44,17.07,19,32433,1
09:51:41,17.07,70,119490,1
09:51:38,17.06,61,104065,-1
09:51:35,17.07,120,204840,1
09:51:32,17.06,1,1705,1
09:51:29,17.06,17,29001,1
09:51:26,17.04,110,187440,-1
09:51:23,17.04,5,8520,-1
09:51:20,17.05,115,196075,1
09:51:17,17.03,69,117507,-1
09:51:14,17.04,18,30672,1
09:51:11,17.02,98,166796,-1
09:51:08,17.02,0,0,-1
09:51:05,17.02,111,188922,-1
09:51:02,17.03,297,506216,1
09:50:59,17.02,94,159988,1
09:50:56,17.01,216,367416,-1
09:50:53,17.03,403,686309,1
09:50:50,17.02,1055,1795610,-1
09:50:47,17.02,79,134458,-1
09:50:44,17.02,59,100418,-1
09:50:41,17.03,91,154973,1
09:50:38,17.03,59,100477,1
09:50:35,17.03,7,11921,1
09:50:32,17.03,30,51090,1
09:50:29,17.03,349,594347,-1
09:50:26,17.03,36,61308,-1
09:50:23,17.04,213,362952,1
09:50:20,17.04,35,59640,1
09:50:17,17.04,87,148248,1
09:50:14,17.04,175,298200,-1
09:50:11,17.06,102,174012,-1
09:50:08,17.06,130,221779,-1
09:50:05,17.07,26,44382,-1
09:50:02,17.07,60,102420,0
09:49:59,17.05,116,197780,-1
09:49:56,17.08,27,46115,1
09:49:53,17.05,102,173910,-1
09:49:50,17.05,16,27280,-1
09:49:47,17.06,1,1705,-1
09:49:44,17.08,101,172507,0
09:49:41,17.05,58,98890,-1
09:49:38,17.09,30,51270,1
09:49:35,17.09,1034,1767106,1
09:49:32,17.05,99,168795,1
09:49:29,17.05,277,472285,-1
09:49:26,17.09,31,52979,1
09:49:23,17.09,24,41016,1
09:49:20,17.09,309,529362,-1
09:49:17,17.11,142,242962,1
09:49:14,17.11,30,51330,1
09:49:11,17.11,68,116348,1
09:49:08,17.11,102,174522,1
09:49:05,17.1,86,147060,-1
09:49:02,17.11,19,32509,1
09:48:59,17.1,60,102600,-1
09:48:56,17.1,821,1404337,1
09:48:53,17.08,99,169091,1
09:48:50,17.08,119,203251,1
09:48:47,17.07,19,32433,-1
09:48:44,17.07,81,138267,-1
09:48:41,17.07,115,196305,-1
09:48:38,17.07,43,73401,1
09:48:35,17.05,90,153450,-1
09:48:32,17.05,77,131285,-1
09:48:29,17.06,500,852999,1
09:48:26,17.05,25,42625,-1
09:48:23,17.06,90,153540,1
09:48:20,17.05,37,63085,-1
09:48:17,17.06,62,105771,-1
09:48:14,17.06,298,508387,1
09:48:11,17.06,16,27295,0
09:48:08,17.06,21,35826,1
09:48:05,17.06,9,15353,-1
09:48:02,17.06,278,474267,-1
09:47:59,17.07,68,116076,1
09:47:56,17.06,92,156952,-1
09:47:53,17.08,127,216915,1
09:47:50,17.07,42,71694,0
09:47:47,17.06,34,58003,-1
09:47:44,17.06,63,107477,-1
09:47:41,17.06,50,85300,-1
09:47:38,17.06,19,32413,-1
09:47:35,17.06,15,25589,-1
09:47:32,17.08,11,18787,1
09:47:29,17.06,88,150128,1
09:47:26,17.05,35,59675,-1
09:47:23,17.05,29,49445,-1
09:47:20,17.05,11,18755,0
09:47:17,17.06,78,133068,1
09:47:14,17.05,282,480810,1
09:47:11,17.05,53,90365,1
09:47:08,17.05,775,1322926,-1
09:47:05,17.09,110,187990,-1
09:47:02,17.1,258,441180,1
09:46:59,17.07,31,52917,1
09:46:56,17.07,93,158751,1
09:46:53,17.1,628,1073880,1
09:46:50,17.07,102,174114,-1
09:46:47,17.07,43,73401,-1
09:46:44,17.09,391,668219,1
09:46:41,17.08,26,44407,1
09:46:38,17.08,257,438955,-1
09:46:35,17.09,107,182863,1
09:46:32,17.09,68,116212,1
09:46:29,17.09,397,678473,-1
09:46:26,17.1,261,446310,1
09:46:23,17.09,41,70069,-1
09:46:20,17.1,34,58140,1
09:46:17,17.1,26,44460,1
09:46:14,17.1,33,56430,-1
09:46:11,17.1,1119,1913490,-1
09:46:08,17.1,128,218880,-1
09:46:05,17.11,40,68440,1
09:46:02,17.11,123,210453,1
09:45:59,17.11,158,270338,0
09:45:56,17.1,385,658350,1
09:45:53,17.1,183,312930,1
09:45:50,17.1,313,535230,-1
09:45:47,17.12,51,87312,-1
09:45:44,17.12,1321,2261552,1
09:45:41,17.08,200,341599,-1
09:45:38,17.09,274,468266,1
09:45:35,17.09,930,1589370,1
09:45:32,17.09,289,493901,1
09:45:29,17.07,141,240687,-1
09:45:26,17.1,342,584820,1
09:45:23,17.09,886,1514174,1
09:45:20,17.09,95,162355,1
09:45:17,17.07,747,1275129,-1
