timestamp,price,volume,turnover,direction
15:00:00,14.84,0,0,-1
15:00:00,14.85,0,0,1
14:59:59,14.85,10,14850,1
14:59:56,14.83,56,83048,-1
14:59:53,14.84,9,13356,-1
14:59:50,14.84,3,4452,1
14:59:44,14.84,5,7420,1
14:59:41,14.84,2,2968,-1
14:59:29,14.84,25,37100,-1
14:59:26,14.85,12,17820,1
14:59:23,14.84,13,19292,-1
14:59:14,14.84,10,14840,-1
14:59:08,14.84,15,22260,-1
14:58:59,14.83,1,1483,-1
14:58:56,14.84,30,44520,1
14:58:50,14.84,7,10388,1
14:58:47,14.84,5,7420,1
14:58:44,14.84,9,13356,1
14:58:41,14.83,2,2966,-1
14:58:38,14.83,41,60803,-1
14:58:35,14.84,21,31164,0
14:58:32,14.85,40,59400,1
14:58:26,14.84,165,244860,1
14:58:23,14.84,100,148400,1
14:58:17,14.83,88,130504,-1
14:58:14,14.84,2,2968,1
14:58:11,14.83,17,25211,-1
14:58:08,14.84,19,28196,1
14:58:02,14.84,7,10388,1
14:57:56,14.83,5,7415,-1
14:57:53,14.84,4,5936,1
14:57:50,14.83,21,31143,-1
14:57:41,14.83,27,40041,-1
14:57:38,14.83,10,14830,-1
14:57:32,14.83,10,14830,-1
14:57:29,14.84,14,20776,1
14:57:26,14.83,12,17796,-1
14:57:17,14.84,5,7420,1
14:57:11,14.83,86,127538,1
14:57:05,14.83,5,7415,1
14:56:47,14.83,1,1483,1
14:56:38,14.83,14,20762,1
14:56:32,14.83,9,13347,1
14:56:23,14.82,3,4446,-1
14:56:17,14.82,116,171912,1
14:56:14,14.82,17,25194,1
14:56:11,14.82,19,28158,1
14:56:08,14.82,1,1482,1
14:56:05,14.82,1,1482,1
14:55:59,14.82,2,2964,1
14:55:53,14.82,5,7410,1
14:55:50,14.82,104,154128,-1
14:55:47,14.83,7,10381,1
14:55:44,14.82,123,182286,-1
14:55:32,14.83,5,7415,1
14:55:26,14.83,2,2966,1
14:55:23,14.82,10,14820,-1
14:55:20,14.83,9,13347,1
14:55:17,14.83,37,54871,1
14:55:11,14.83,93,137919,-1
14:55:08,14.83,11,16313,-1
14:55:02,14.83,2,2966,-1
14:54:53,14.83,16,23728,1
14:54:50,14.83,64,94912,1
14:54:44,14.83,10,14830,1
14:54:38,14.83,2,2966,1
14:54:35,14.82,2,2964,-1
14:54:32,14.82,162,240084,1
14:54:26,14.81,30,44430,-1
14:54:23,14.81,5,7405,-1
14:54:17,14.82,273,404586,1
14:54:14,14.81,51,75531,-1
14:54:11,14.81,10,14810,-1
14:53:56,14.81,143,211783,-1
14:53:50,14.81,2,2962,-1
14:53:47,14.82,15,22230,1
14:53:44,14.81,35,51835,-1
14:53:38,14.82,26,38532,1
14:53:35,14.81,1,1481,-1
14:53:29,14.82,20,29640,1
14:53:26,14.81,133,196973,-1
14:53:20,14.81,10,14810,-1
14:53:14,14.81,11,16291,-1
14:53:11,14.81,31,45911,-1
14:53:08,14.81,3,4443,-1
14:53:05,14.81,1,1481,-1
14:53:02,14.82,4,5928,1
14:52:59,14.8,20,29600,-1
14:52:56,14.81,20,29620,-1
14:52:53,14.81,5,8737,1
14:52:50,14.81,8,11848,1
14:52:47,14.8,59,87320,-1
14:52:41,14.81,2,2962,1
14:52:38,14.8,1,1480,-1
14:52:35,14.81,212,313972,1
14:52:32,14.8,50,74000,-1
14:52:29,14.81,10,14810,1
14:52:23,14.81,5,7405,1
14:52:17,14.8,30,44400,-1
14:52:14,14.8,11,16280,-1
14:52:05,14.8,20,29600,-1
14:52:02,14.81,33,48873,1
14:51:59,14.81,200,296200,1
14:51:56,14.8,100,148000,-1
14:51:53,14.8,86,127280,-1
14:51:50,14.81,6,8886,1
14:51:47,14.81,154,228074,1
14:51:41,14.8,181,267880,-1
14:51:38,14.8,20,29600,-1
14:51:35,14.81,34,50354,1
14:51:32,14.81,5,7405,1
14:51:29,14.81,44,65164,1
14:51:26,14.8,20,29600,-1
14:51:23,14.8,3,4440,-1
14:51:20,14.8,17,25160,-1
14:51:17,14.81,30,44430,1
14:51:11,14.8,2,2960,-1
14:51:08,14.81,13,19253,1
14:51:05,14.81,2,2962,1
14:51:02,14.81,65,96265,1
14:50:59,14.81,69,102189,1
14:50:56,14.81,108,159948,-1
14:50:53,14.81,1,1481,-1
14:50:50,14.82,12,17784,1
14:50:47,14.81,15,22215,-1
14:50:44,14.82,5,7410,1
14:50:41,14.82,16,23712,1
14:50:38,14.82,12,17784,1
14:50:29,14.82,2,2964,1
14:50:26,14.82,54,80028,0
14:50:23,14.83,627,929841,1
14:50:20,14.83,5,7415,1
14:50:17,14.82,22,32604,-1
14:50:14,14.83,1,1483,1
14:50:11,14.83,2,2966,1
14:50:08,14.83,66,97878,1
14:50:05,14.82,32,47424,-1
14:50:02,14.82,14,20748,-1
14:49:53,14.83,18,26694,1
14:49:44,14.82,31,45942,-1
14:49:41,14.82,51,75582,-1
14:49:35,14.83,6,8898,1
14:49:32,14.82,72,106704,-1
14:49:29,14.82,5,7410,-1
14:49:26,14.83,5,7415,1
14:49:23,14.83,185,274355,1
14:49:20,14.83,14,20762,1
14:49:17,14.83,15,22245,1
14:49:11,14.82,25,37050,-1
14:49:08,14.83,76,112708,1
14:49:02,14.82,21,31122,-1
14:48:59,14.82,16,23712,-1
14:48:56,14.82,5,7410,-1
14:48:50,14.83,10,14830,1
14:48:47,14.83,18,26694,1
14:48:44,14.83,3,4449,1
14:48:41,14.82,6,8892,-1
14:48:38,14.82,1,1482,-1
14:48:35,14.82,47,69654,-1
14:48:32,14.82,120,177840,-1
14:48:29,14.82,10,14820,-1
14:48:23,14.83,60,88980,1
14:48:17,14.83,20,29660,1
14:48:14,14.83,6,8898,-1
14:48:10,14.84,36,53424,1
14:48:08,14.83,14,20762,-1
14:48:05,14.84,2,2968,1
14:48:02,14.84,16,23744,1
14:47:59,14.84,2,2968,1
14:47:56,14.84,2,2968,1
14:47:52,14.82,7,10374,-1
14:47:44,14.84,53,78652,1
14:47:40,14.84,65,96460,1
14:47:34,14.84,2,2968,1
14:47:31,14.85,0,0,1
14:47:28,14.85,1340,1989900,1
14:47:23,14.85,272,403920,1
14:47:19,14.84,30,44520,-1
14:47:13,14.84,1,1484,-1
14:47:04,14.84,15,22260,-1
14:47:01,14.84,10,14840,-1
14:46:49,14.84,7,10388,-1
14:46:46,14.85,30,44550,1
14:46:40,14.86,116,172673,1
14:46:37,14.86,21,31206,1
14:46:34,14.85,13,19305,-1
14:46:31,14.85,10,14850,-1
14:46:28,14.85,20,29700,-1
14:46:22,14.85,29,43065,-1
14:46:13,14.85,15,22275,-1
14:46:04,14.85,164,243540,-1
14:45:58,14.85,41,60885,-1
14:45:55,14.85,20,29700,-1
14:45:52,14.85,77,114345,-1
14:45:49,14.85,13,19305,-1
14:45:46,14.85,235,350163,-1
14:45:43,14.85,10,14850,-1
14:45:40,14.85,35,51975,-1
14:45:37,14.85,17,25245,-1
14:45:34,14.85,31,46035,-1
14:45:31,14.85,1,1485,-1
14:45:22,14.85,8,11880,-1
14:45:19,14.85,236,350460,-1
14:45:13,14.86,10,14860,1
14:45:10,14.86,5,7430,1
14:45:07,14.85,1,1485,-1
14:45:04,14.86,3,4458,1
14:44:58,14.86,2,2972,1
14:44:52,14.85,20,29700,-1
14:44:49,14.85,3,4455,-1
14:44:46,14.86,2,2972,1
14:44:43,14.85,25,37125,-1
14:44:37,14.85,7,10395,-1
14:44:25,14.86,14,20804,1
14:43:58,14.85,1,1485,-1
14:43:52,14.86,26,38636,1
14:43:49,14.86,14,20804,1
14:43:46,14.85,62,92070,-1
14:43:40,14.85,5,7425,-1
14:43:34,14.85,2,2970,-1
14:43:22,14.85,101,149985,-1
14:43:10,14.85,328,487080,-1
14:42:55,14.85,19,28215,-1
14:42:52,14.86,2,2972,1
14:42:31,14.85,12,17820,-1
14:42:28,14.86,5,7430,1
14:42:25,14.85,66,98010,-1
14:42:19,14.86,15,22290,-1
14:42:16,14.86,2,2972,-1
14:42:10,14.86,12,17832,-1
14:42:07,14.86,8,11888,-1
14:41:52,14.87,0,0,1
14:41:46,14.87,9,13383,1
14:41:42,14.85,46,68310,-1
14:41:38,14.87,31,46097,1
14:41:34,14.87,223,331601,1
14:41:28,14.87,2,2974,1
14:41:23,14.86,32,47552,-1
14:41:17,14.87,4,5948,-1
14:41:14,14.87,143,212641,-1
14:41:08,14.87,20,29740,-1
14:40:56,14.87,3,4461,-1
14:40:50,14.87,1,1487,-1
14:40:44,14.88,2,2976,1
14:40:41,14.88,26,38688,1
14:40:38,14.87,22,32714,-1
14:40:35,14.88,2,2976,1
14:40:29,14.88,6,8928,1
14:40:17,14.88,60,89280,1
14:40:14,14.87,121,179927,1
14:40:11,14.87,1,1487,1
14:40:05,14.87,110,163570,-1
14:39:56,14.87,70,104090,-1
14:39:47,14.88,3,4464,1
14:39:44,14.87,2,2974,1
14:39:32,14.87,5,7435,1
14:39:29,14.87,6,8922,-1
14:39:20,14.88,0,0,1
14:39:11,14.88,30,44937,-1
14:39:08,14.88,30,44640,-1
14:39:02,14.89,6,8934,1
14:38:59,14.89,2,2978,1
14:38:56,14.88,1,1488,-1
14:38:44,14.89,3,4467,1
14:38:32,14.88,4,5952,-1
14:38:20,14.88,12,17856,-1
14:38:05,14.88,20,29760,-1
14:38:02,14.88,1,1488,-1
14:37:56,14.88,1,1488,-1
14:37:53,14.88,137,203856,-1
14:37:50,14.88,6,8928,-1
14:37:47,14.89,9,13401,1
14:37:41,14.89,2,2978,1
14:37:35,14.89,10,14890,1
14:37:11,14.89,17,25313,1
14:37:05,14.89,2,2978,1
14:36:47,14.89,3,4467,1
14:36:44,14.89,17,25313,1
14:36:41,14.89,5,7445,1
14:36:38,14.88,10,14880,-1
14:36:26,14.89,2,2978,1
14:36:20,14.88,1,1488,-1
14:36:14,14.88,20,29760,-1
14:36:08,14.88,10,14880,-1
14:36:05,14.89,16,23824,1
14:36:02,14.89,2,2978,1
14:35:53,14.89,25,37225,1
14:35:50,14.89,1,1489,1
14:35:38,14.88,50,74400,-1
14:35:32,14.89,2,2978,1
14:35:20,14.88,397,591926,1
14:35:05,14.86,80,118880,1
14:34:59,14.86,14,20804,1
14:34:56,14.85,1,1485,-1
14:34:50,14.86,13,19318,1
14:34:47,14.86,39,57954,1
14:34:44,14.85,12,17820,-1
14:34:41,14.86,6,8916,1
14:34:35,14.86,15,22290,1
14:34:32,14.85,6,8910,-1
14:34:29,14.86,14,20804,1
14:34:26,14.86,52,77272,-1
14:34:20,14.86,134,199124,-1
14:34:02,14.86,4,5944,-1
14:33:59,14.87,10,14870,1
14:33:44,14.86,2,2972,-1
14:33:38,14.86,31,46066,1
14:33:35,14.86,20,29720,1
14:33:26,14.86,153,227358,1
14:33:17,14.86,1,1486,1
14:33:08,14.86,20,29720,1
14:33:02,14.86,5,7430,1
14:32:59,14.86,162,240732,-1
14:32:50,14.87,2,2974,1
14:32:47,14.86,1,1486,-1
14:32:35,14.86,1,1486,-1
14:32:29,14.86,23,34178,-1
14:32:26,14.86,8,11888,-1
14:32:17,14.86,14,20804,-1
14:32:11,14.87,1,1487,1
14:32:08,14.86,1,1486,-1
14:31:56,14.87,2,2974,1
14:31:53,14.86,181,268966,-1
14:31:49,14.86,16,23776,-1
14:31:44,14.86,10,14860,-1
14:31:38,14.86,33,49038,-1
14:31:13,14.87,3,4461,-1
14:31:01,14.87,7,10409,1
14:30:58,14.88,0,0,1
14:30:43,14.88,2,2976,1
14:30:40,14.86,139,206554,-1
14:30:37,14.87,34,50558,-1
14:30:34,14.87,20,29740,-1
14:30:25,14.87,4,5948,-1
14:30:22,14.87,16,23792,-1
14:30:19,14.87,10,14870,-1
14:30:13,14.87,20,29740,-1
14:29:55,14.88,10,14880,1
14:29:52,14.87,5,7435,-1
14:29:37,14.88,16,23808,1
14:29:34,14.88,2,2976,1
14:29:31,14.88,20,29760,1
14:29:25,14.88,2,2976,1
14:29:16,14.88,14,21129,-1
14:29:10,14.88,10,14880,-1
14:29:07,14.88,10,14880,-1
14:29:04,14.88,25,37200,-1
14:28:58,14.88,1,1488,-1
14:28:55,14.89,3,4467,1
14:28:46,14.88,46,68448,-1
14:28:43,14.89,20,29780,1
14:28:25,14.88,15,22320,-1
14:28:19,14.89,47,69983,1
14:28:10,14.89,7,10423,-1
14:28:07,14.89,13,19357,1
14:28:01,14.89,13,19357,1
14:27:58,14.88,30,44640,-1
14:27:55,14.89,7,10423,1
14:27:52,14.89,22,32758,1
14:27:46,14.89,5,7445,0
14:27:37,14.88,14,20832,-1
14:27:31,14.89,1,1489,-1
14:27:28,14.89,11,16379,1
14:27:25,14.88,10,14880,-1
14:27:01,14.88,2,2976,-1
14:26:52,14.89,32,47648,1
14:26:37,14.89,4,5956,1
14:26:28,14.89,11,16379,1
14:26:25,14.88,5,7440,-1
14:26:19,14.88,5,7440,-1
14:25:58,14.88,54,80352,-1
14:25:55,14.88,1,1488,-1
14:25:49,14.89,5,7445,1
14:25:46,14.89,10,14890,1
14:25:43,14.89,2,2978,1
14:25:25,14.88,1,1488,-1
14:25:22,14.88,10,14880,-1
14:25:19,14.88,1,1488,-1
14:25:10,14.88,1,1488,-1
14:24:48,14.9,2,2980,1
14:24:46,14.88,66,98208,-1
14:24:39,14.89,3,4467,-1
14:24:33,14.89,6,8934,1
14:24:27,14.89,12,17868,-1
14:24:17,14.89,1,1489,-1
14:24:11,14.9,0,0,1
14:23:35,14.9,2,2980,1
14:23:32,14.88,1,1488,-1
14:22:56,14.88,30,44640,-1
14:22:50,14.88,1,1488,-1
14:22:47,14.88,10,14880,-1
14:22:35,14.88,7,10416,-1
14:22:17,14.88,50,74400,-1
14:22:11,14.88,8,11904,-1
14:22:02,14.89,3,4467,-1
14:21:59,14.89,29,43181,1
14:21:53,14.89,6,8934,1
14:21:50,14.88,12,17856,-1
14:21:38,14.89,1,1489,1
14:21:35,14.89,7,10423,1
14:21:23,14.89,5,7445,1
14:21:11,14.88,134,199392,-1
14:20:35,14.89,5,7445,-1
14:20:26,14.89,3,4467,-1
14:20:20,14.89,12,17868,-1
14:20:05,14.89,1,1489,-1
14:20:02,14.89,1,1489,-1
14:19:59,14.89,1,1489,-1
14:19:50,14.9,2,2980,1
14:19:47,14.9,10,14900,1
14:19:35,14.9,21,31290,1
14:19:20,14.89,13,19357,-1
14:19:14,14.9,0,0,1
14:19:11,14.9,20,29800,1
14:19:08,14.89,20,29780,1
14:19:02,14.89,11,16379,-1
14:18:53,14.9,34,50660,1
14:18:47,14.9,0,0,1
14:18:38,14.9,2,2980,1
14:18:20,14.88,20,29760,-1
14:18:17,14.89,5,7445,-1
14:18:02,14.9,63,93870,1
14:17:41,14.9,2,2980,1
14:17:14,14.89,1,1489,1
14:17:08,14.9,0,0,1
14:17:05,14.9,6,8940,1
14:17:02,14.89,3,4467,-1
14:16:53,14.9,2,2980,1
14:16:44,14.89,1,1489,-1
14:16:32,14.89,3,4467,-1
14:16:17,14.88,0,0,-1
14:16:14,14.88,1,1488,-1
14:16:11,14.88,21,31248,-1
14:16:05,14.88,26,38688,-1
14:15:56,14.88,1,1488,-1
14:15:50,14.9,10,14900,1
14:15:44,14.88,1,1488,-1
14:15:35,14.9,2,2980,1
14:15:26,14.9,10,14900,1
14:15:08,14.88,4,5952,-1
14:15:05,14.9,1,1490,1
14:14:59,14.89,1,1489,1
14:14:56,14.89,2,2978,1
14:14:41,14.89,2,2978,1
14:14:38,14.88,6,8928,-1
14:14:14,14.9,0,0,1
14:14:08,14.9,1,1490,1
14:14:04,14.9,1,1490,1
14:14:01,14.9,1,1490,1
14:13:58,14.9,5,7450,-1
14:13:55,14.91,2,2982,1
14:13:49,14.88,150,223200,-1
14:13:46,14.9,7,10430,1
14:13:44,14.9,3,4470,1
14:13:41,14.9,1,1490,1
14:13:37,14.9,2,2980,1
14:13:31,14.9,2,2980,1
14:13:29,14.9,2,2980,1
14:13:25,14.9,2,2980,1
14:13:22,14.9,6,8940,-1
14:13:19,14.91,2,2982,1
14:13:16,14.89,10,14890,-1
14:13:10,14.9,1,1490,1
14:13:07,14.9,5,7450,1
14:13:04,14.9,1,1490,1
14:13:01,14.9,2,2980,1
14:12:58,14.9,1,1490,1
14:12:55,14.9,4,5960,1
14:12:52,14.9,1,1490,1
14:12:49,14.9,2,2980,1
14:12:46,14.9,4,5960,-1
14:12:43,14.91,12,17892,1
14:12:40,14.91,18,26838,1
14:12:37,14.91,2,2982,1
14:12:34,14.91,1,1491,1
14:12:31,14.91,21,31311,1
14:12:28,14.91,1,1491,1
14:12:25,14.91,2,2982,1
14:12:22,14.91,1,1491,1
14:12:19,14.91,1,1491,1
14:12:16,14.91,1,1491,1
14:12:13,14.91,1,1491,1
14:12:10,14.91,2,2982,1
14:12:07,14.91,0,0,1
14:12:04,14.91,2,2982,1
14:12:01,14.91,1,1491,1
14:11:58,14.91,2,2982,1
14:11:55,14.91,1,1491,1
14:11:52,14.88,51,75888,-1
14:11:49,14.91,65,96915,1
14:11:46,14.91,1,1491,1
14:11:43,14.89,50,74450,-1
14:11:40,14.91,1,2683,1
14:11:37,14.9,54,80460,1
14:11:34,14.9,2,2980,1
14:11:31,14.9,1,1490,1
14:11:28,14.9,1,1490,1
14:11:25,14.9,1,1490,1
14:11:22,14.9,2,2980,1
14:11:19,14.9,1,1490,1
14:11:16,14.9,1,1490,1
14:11:13,14.9,1,1490,1
14:11:10,14.9,2,2980,1
14:11:07,14.9,1,1490,1
14:11:04,14.9,1,1490,1
14:11:01,14.9,3,4470,1
14:10:58,14.9,12,17880,1
14:10:55,14.9,5,7450,1
14:10:52,14.89,16,23824,-1
14:10:49,14.9,1,1490,1
14:10:46,14.9,2,2980,1
14:10:43,14.9,1,1490,1
14:10:40,14.9,1,1490,1
14:10:37,14.9,1,1490,1
14:10:34,14.9,2,2980,1
14:10:31,14.9,1,1490,1
14:10:28,14.9,6,8940,1
14:10:25,14.9,1,1490,1
14:10:22,14.9,2,2980,1
14:10:19,14.9,1,1490,1
14:10:16,14.9,11,16390,1
14:10:13,14.9,1,1490,1
14:10:10,14.9,1,1490,1
14:10:07,14.9,40,59600,1
14:10:01,14.9,2,2980,1
14:09:55,14.88,1,1488,-1
14:09:46,14.9,53,78970,1
14:09:37,14.88,10,14880,-1
14:09:28,14.89,17,25313,1
14:09:25,14.88,10,14880,1
14:09:22,14.88,1,1488,1
14:09:19,14.88,1,1488,1
14:09:01,14.88,2,2976,1
14:08:55,14.88,32,47749,-1
14:08:30,14.88,2,2976,-1
14:08:03,14.88,10,14880,-1
14:07:57,14.88,5,8794,1
14:07:51,14.88,35,52080,1
14:07:45,14.88,1,1488,1
14:07:40,14.88,9,13392,1
14:07:37,14.87,1,1487,-1
14:07:30,14.87,6,8922,-1
14:07:24,14.87,1,1487,-1
14:07:21,14.88,3,4464,1
14:07:06,14.88,3,4464,1
14:07:03,14.88,10,14880,1
14:06:54,14.87,1,1487,-1
14:06:42,14.88,3,4464,1
14:06:39,14.88,7,10416,1
14:06:30,14.88,2,2976,1
14:06:27,14.88,5,7440,1
14:06:24,14.88,2,2976,1
14:06:06,14.88,0,0,1
14:06:03,14.88,57,84816,1
14:05:42,14.88,2,2976,1
14:05:39,14.88,3,4464,1
14:05:33,14.88,2,2976,1
14:05:27,14.85,0,0,-1
14:05:12,14.85,0,0,-1
14:05:06,14.85,10,14850,-1
14:04:57,14.88,10,15013,-1
14:04:53,14.88,326,486442,1
14:04:47,14.86,4,5944,1
14:04:44,14.85,200,297000,-1
14:04:41,14.85,44,65340,-1
14:04:32,14.85,500,742500,-1
14:04:29,14.85,46,68310,-1
14:04:23,14.86,10,14860,1
14:04:20,14.86,41,60926,1
14:04:17,14.85,8,11880,-1
14:03:50,14.85,12,17820,-1
14:03:44,14.86,10,14860,1
14:03:41,14.86,2,2972,1
14:03:35,14.86,102,151705,-1
14:03:32,14.87,14,20818,1
14:03:29,14.87,10,14870,1
14:03:26,14.87,12,17844,1
14:03:23,14.86,211,313546,-1
14:03:20,14.87,15,22305,1
14:03:08,14.87,10,14870,1
14:02:59,14.87,9,13383,1
14:02:53,14.87,2,2974,1
14:02:47,14.86,22,32692,-1
14:02:41,14.86,40,59440,-1
14:02:35,14.86,78,115908,-1
14:02:32,14.87,10,14870,1
14:02:26,14.87,12,17844,1
14:02:11,14.87,27,40149,-1
14:02:08,14.88,10,14880,1
14:02:05,14.87,8,11896,-1
14:01:53,14.88,1,1488,1
14:01:41,14.87,6,8922,1
14:01:38,14.87,2,2974,1
14:01:32,14.87,24,35688,1
14:01:29,14.86,10,14860,-1
14:01:08,14.87,14,20818,1
14:00:59,14.86,35,52010,-1
14:00:50,14.87,35,52045,1
14:00:44,14.86,22,32692,-1
14:00:41,14.87,2,2974,0
14:00:32,14.86,2,2972,-1
14:00:20,14.88,4,5952,1
14:00:17,14.88,2,2976,1
14:00:14,14.87,102,151674,-1
14:00:08,14.87,10,14870,-1
14:00:02,14.88,1,1488,1
13:59:59,14.88,26,38688,1
13:59:50,14.88,2,2976,1
13:59:44,14.87,12,17844,-1
13:59:38,14.87,4,5948,-1
13:59:26,14.87,1,1487,-1
13:59:17,14.87,9,13383,-1
13:59:11,14.88,10,14880,-1
13:58:59,14.88,12,17856,-1
13:58:53,14.89,13,19357,1
13:58:50,14.89,14,20846,-1
13:58:47,14.89,3,4467,-1
13:58:35,14.9,1,1490,1
13:58:11,14.9,10,14900,1
13:57:53,14.89,9,13401,-1
13:57:50,14.89,18,26802,-1
13:57:47,14.89,1,1489,-1
13:57:32,14.89,74,110186,1
13:57:26,14.87,100,148700,-1
13:57:20,14.89,2,2978,1
13:57:17,14.89,35,52115,1
13:57:14,14.89,12,17868,1
13:57:11,14.89,94,139966,1
13:56:59,14.89,2,2978,1
13:56:44,14.88,34,50592,1
13:56:41,14.88,5,7440,1
13:56:38,14.88,5,7440,1
13:56:17,14.88,10,14880,1
13:56:08,14.87,4,5948,-1
13:56:05,14.88,17,25296,1
13:56:02,14.87,16,23792,-1
13:55:50,14.87,0,0,0
13:55:47,14.87,2,2974,1
13:55:41,14.87,13,19331,-1
13:55:35,14.88,5,7440,1
13:55:20,14.87,9,13383,1
13:55:16,14.86,3,4458,-1
13:55:14,14.87,13,19331,1
13:55:10,14.87,2,2974,1
13:55:05,14.86,0,0,-1
13:55:01,14.86,101,151438,-1
13:54:58,14.87,47,69889,1
13:54:55,14.86,4,5944,-1
13:54:53,14.87,40,59480,1
13:54:50,14.87,2,2974,1
13:54:46,14.87,15,22305,1
13:54:43,14.86,1,1486,-1
13:54:37,14.87,30,44610,1
13:54:28,14.86,15,22290,-1
13:54:22,14.87,7,10409,1
13:54:16,14.86,2,2972,-1
13:54:13,14.86,19,28234,-1
13:54:04,14.86,4,5944,-1
13:53:58,14.86,20,29720,1
13:53:55,14.86,58,86188,1
13:53:52,14.85,13,19305,-1
13:53:49,14.86,17,25262,1
13:53:46,14.86,35,52010,1
13:53:43,14.86,63,93618,1
13:53:40,14.85,131,194535,-1
13:53:37,14.86,20,29720,1
13:53:34,14.86,110,163460,1
13:53:31,14.86,58,86188,1
13:53:28,14.85,5,7425,-1
13:53:25,14.86,1,1486,1
13:53:22,14.86,19,28234,1
13:53:19,14.85,2,2970,-1
13:53:16,14.86,749,1113014,1
13:53:13,14.84,117,173628,-1
13:53:10,14.84,50,74200,-1
13:53:04,14.84,39,57876,-1
13:53:01,14.85,23,34155,1
13:52:58,14.84,30,44520,-1
13:52:52,14.84,25,37100,-1
13:52:49,14.84,2,2968,-1
13:52:46,14.85,2,2970,1
13:52:43,14.85,13,19305,1
13:52:40,14.84,192,284928,-1
13:52:37,14.85,3,4455,1
13:52:34,14.85,28,41580,1
13:52:28,14.85,42,62370,-1
13:52:22,14.85,95,141075,-1
13:52:19,14.85,16,23760,-1
13:52:07,14.85,228,338580,-1
13:52:01,14.87,22,32714,1
13:51:55,14.87,20,29740,1
13:51:52,14.87,15,22305,1
13:51:49,14.87,52,77324,1
13:51:46,14.86,26,38636,-1
13:51:43,14.86,1,1486,-1
13:51:40,14.86,5,7430,-1
13:51:34,14.86,9,13374,-1
13:51:31,14.85,39,57915,-1
13:51:28,14.85,102,151470,-1
13:51:25,14.86,20,29720,1
13:51:19,14.85,10,14850,-1
13:51:13,14.86,12,17832,1
13:51:10,14.86,2,2972,1
13:51:07,14.85,188,279180,-1
13:51:04,14.86,10,14860,-1
13:51:01,14.86,100,148600,-1
13:50:58,14.87,116,172492,1
13:50:55,14.87,4,5948,1
13:50:49,14.87,3,4461,1
13:50:46,14.86,179,266127,-1
13:50:43,14.88,20,29760,1
13:50:40,14.87,52,77324,-1
13:50:34,14.88,5,7440,1
13:50:25,14.88,16,23808,-1
13:50:19,14.89,100,148900,1
13:50:16,14.88,12,17856,-1
13:50:13,14.88,1,1488,-1
13:50:10,14.87,4,5948,-1
13:50:07,14.87,142,211154,-1
13:50:04,14.88,15,22320,-1
13:50:01,14.88,4,7306,-1
13:49:55,14.89,12,17868,1
13:49:49,14.87,0,0,-1
13:49:46,14.87,16,23792,-1
13:49:37,14.87,224,333088,-1
13:49:31,14.88,130,193440,-1
13:49:27,14.89,40,59560,-1
13:49:25,14.89,153,227817,1
13:49:10,14.89,7,10423,-1
13:49:07,14.89,10,14890,-1
13:49:04,14.9,168,250320,1
13:48:58,14.89,1,1489,-1
13:48:52,14.9,2,2980,1
13:48:48,14.89,51,75939,-1
13:48:45,14.89,28,41692,-1
13:48:43,14.89,454,676006,-1
13:48:40,14.9,600,894000,-1
13:48:37,14.9,21,31290,-1
13:48:34,14.9,9,13410,-1
13:48:25,14.9,10,14900,-1
13:48:21,14.9,200,298000,-1
13:48:15,14.9,143,213070,-1
13:48:06,14.9,12,17880,-1
13:47:57,14.91,10,14910,1
13:47:54,14.9,20,29800,-1
13:47:51,14.9,71,105790,-1
13:47:48,14.91,2,2982,1
13:47:45,14.91,7,10437,1
13:47:36,14.91,8,11928,1
13:47:33,14.9,9,13410,-1
13:47:30,14.9,21,31290,-1
13:47:27,14.9,23,34270,-1
13:47:24,14.9,5,7450,-1
13:47:06,14.9,34,50660,-1
13:47:03,14.91,4,5964,1
13:46:57,14.9,12,17880,-1
13:46:51,14.91,1,1491,1
13:46:48,14.91,7,10437,1
13:46:45,14.91,1,1491,1
13:46:36,14.9,2,2980,-1
13:46:30,14.9,267,397830,-1
13:46:27,14.91,10,14910,1
13:46:24,14.9,1,1490,-1
13:46:21,14.9,40,59600,-1
13:46:18,14.9,117,174330,-1
13:46:15,14.9,5,7450,-1
13:46:12,14.91,35,52185,1
13:46:03,14.9,601,895490,-1
13:45:59,14.9,161,239890,-1
13:45:53,14.91,72,107352,1
13:45:50,14.9,266,396340,-1
13:45:44,14.9,1,1490,-1
13:45:41,14.91,4,5964,1
13:45:32,14.9,0,0,-1
13:45:29,14.9,100,149000,-1
13:45:26,14.91,102,152082,-1
13:45:20,14.92,3,4476,1
13:45:08,14.9,0,0,-1
13:45:05,14.9,100,149000,-1
13:44:59,14.91,115,171465,1
13:44:53,14.9,3,4470,-1
13:44:50,14.9,50,74500,-1
13:44:44,14.91,30,44730,1
13:44:41,14.91,2,2982,1
13:44:38,14.91,254,378714,-1
13:44:32,14.91,10,14910,-1
13:44:29,14.91,4,5964,-1
13:44:26,14.91,175,260925,-1
13:44:20,14.92,13,19396,1
13:44:14,14.91,50,74550,-1
13:44:11,14.91,23,34293,-1
13:44:05,14.91,330,492030,-1
13:43:56,14.91,220,328020,-1
13:43:53,14.92,5,7460,1
13:43:47,14.92,11,16412,1
13:43:41,14.92,1,1492,1
13:43:38,14.92,10,14920,1
13:43:35,14.92,14,20888,1
13:43:32,14.92,10,14920,1
13:43:29,14.92,5,7460,1
13:43:23,14.92,21,31496,-1
13:43:14,14.92,9,14755,1
13:43:11,14.92,20,29840,1
13:42:59,14.92,88,131460,-1
13:42:56,14.93,9,13437,-1
13:42:50,14.92,3,4476,-1
13:42:47,14.92,390,581880,-1
13:42:44,14.92,314,468488,-1
13:42:32,14.92,20,29840,-1
13:42:26,14.93,8,11944,1
13:42:23,14.93,6,8958,1
13:42:20,14.92,57,85044,-1
13:42:17,14.92,1,1492,-1
13:42:14,14.93,12,17916,1
13:42:08,14.92,1,1492,-1
13:41:59,14.93,2,2986,1
13:41:56,14.93,335,500155,-1
13:41:53,14.93,5,7465,-1
13:41:47,14.93,28,41804,-1
13:41:44,14.93,1,1493,-1
13:41:38,14.93,100,149300,-1
13:41:17,14.93,14,20902,-1
13:41:14,14.93,11,16423,-1
13:41:08,14.93,15,22395,-1
13:41:02,14.93,10,14930,-1
13:40:59,14.94,2,2988,1
13:40:17,14.93,1,1493,-1
13:40:08,14.93,1,1493,-1
13:39:53,14.94,32,47808,-1
13:39:44,14.95,12,17940,1
13:39:35,14.94,13,19422,-1
13:39:32,14.94,10,14940,-1
13:39:17,14.94,2,2988,-1
13:38:56,14.94,27,40338,-1
13:38:53,14.94,8,11952,-1
13:38:50,14.94,7,10458,-1
13:38:47,14.94,27,40338,-1
13:38:38,14.95,42,62790,1
13:38:35,14.95,10,14950,1
13:38:32,14.95,10,14950,1
13:37:53,14.95,8,11960,1
13:37:41,14.95,3,4485,1
13:37:28,14.94,25,37350,-1
13:37:19,14.95,1,1495,1
13:37:13,14.95,8,11960,1
13:37:05,14.95,2,2990,1
13:36:55,14.95,2,2990,1
13:36:43,14.94,15,22410,-1
13:36:40,14.94,2,2988,-1
13:36:34,14.95,4,5980,1
13:36:19,14.94,6,8964,-1
13:36:04,14.95,4,5980,1
13:36:01,14.94,1,1494,-1
13:35:55,14.94,4,5976,-1
13:35:49,14.95,2,2990,1
13:35:37,14.94,1,1494,-1
13:35:13,14.94,98,146412,1
13:35:04,14.93,1,1493,-1
13:35:01,14.94,109,162846,-1
13:34:43,14.95,2,2990,1
13:33:52,14.95,2,2990,1
13:33:49,14.94,1,1494,-1
13:33:19,14.94,1,1494,-1
13:33:16,14.93,0,0,-1
13:33:07,14.93,1,1493,-1
13:33:01,14.95,2,2990,1
13:32:58,14.93,1,1493,-1
13:32:46,14.93,1,1493,-1
13:32:37,14.93,11,16423,-1
13:32:34,14.95,1,1495,1
13:32:22,14.94,1,1494,-1
13:32:19,14.94,8,11952,1
13:32:01,14.94,2,2988,1
13:31:40,14.93,5,7465,-1
13:31:28,14.94,246,367524,1
13:31:00,14.94,20,29880,1
13:30:48,14.93,10,14930,-1
13:30:43,14.94,1,1494,1
13:30:39,14.94,2,2988,1
13:30:31,14.94,8,11952,1
13:30:28,14.94,10,14940,1
13:30:15,14.93,11,16423,-1
13:29:48,14.94,20,29880,1
13:29:42,14.94,7,10458,1
13:29:39,14.94,2,2988,1
13:29:33,14.94,50,74700,1
13:29:03,14.94,100,149400,1
13:28:48,14.94,2,2988,1
13:28:36,14.93,100,149300,-1
13:28:12,14.93,51,76143,-1
13:28:09,14.94,20,29880,1
13:28:03,14.93,1,1493,-1
13:28:00,14.93,20,29860,-1
13:27:54,14.94,2,2988,1
13:27:30,14.93,1,1493,-1
13:27:27,14.93,22,32846,-1
13:26:38,14.93,1,1493,-1
13:26:35,14.93,19,28367,1
13:26:26,14.93,2,2986,-1
13:26:08,14.93,2,2986,1
13:26:02,14.93,2,2986,-1
13:25:53,14.93,1,1493,-1
13:25:47,14.93,8,11944,-1
13:25:41,14.93,23,34339,-1
13:25:17,14.93,6,8958,-1
13:25:14,14.93,20,29860,-1
13:25:05,14.93,1,1493,-1
13:24:35,14.94,4,5976,1
13:24:32,14.93,5,7465,-1
13:24:29,14.93,72,107496,-1
13:24:17,14.93,27,40311,1
13:23:59,14.92,6,8952,-1
13:23:47,14.92,2,2984,-1
13:23:41,14.92,1,1492,-1
13:23:20,14.92,40,59680,-1
13:23:17,14.93,2,2986,1
13:23:14,14.93,2,2986,1
13:23:11,14.92,2,2984,-1
13:22:56,14.92,1,1492,-1
13:22:53,14.92,50,74600,-1
13:22:44,14.92,10,14920,-1
13:22:35,14.93,10,14930,1
13:22:17,14.93,2,2986,1
13:22:14,14.92,10,14920,-1
13:21:59,14.93,4,5972,1
13:21:53,14.93,27,40311,1
13:21:50,14.93,1,1493,1
13:21:35,14.93,5,7465,1
13:21:29,14.93,141,210513,-1
13:21:26,14.94,13,19422,1
13:21:23,14.94,5,7470,1
13:21:20,14.93,50,74650,-1
13:21:14,14.93,15,22395,-1
13:21:11,14.94,2,2988,1
13:20:35,14.93,3,4479,-1
13:20:23,14.94,6,8964,1
13:20:14,14.94,9,13446,1
13:20:11,14.94,50,74700,1
13:20:08,14.94,2,2988,1
13:20:05,14.94,15,22410,1
13:19:56,14.93,7,10451,-1
13:19:41,14.93,5,7465,-1
13:19:35,14.93,9,13437,-1
13:19:29,14.93,1,1493,-1
13:19:26,14.93,20,29860,-1
13:19:23,14.94,2,2988,1
13:19:20,14.93,8,11944,-1
13:19:17,14.93,25,37325,-1
13:19:08,14.93,90,134370,-1
13:18:59,14.94,35,52290,1
13:18:50,14.94,2,2988,1
13:18:28,14.93,10,14930,1
13:18:19,14.93,21,31353,-1
13:18:13,14.94,10,14940,1
13:18:11,14.93,3,4479,-1
13:18:07,14.93,1,1493,-1
13:17:46,14.93,11,16423,1
13:17:41,14.93,6,8958,1
13:17:37,14.93,18,26874,1
13:17:25,14.93,34,50762,1
13:17:22,14.93,103,153779,1
13:17:19,14.93,2,2986,1
13:17:16,14.93,10,14930,1
13:16:58,14.93,11,16423,1
13:16:55,14.92,10,14920,-1
13:16:49,14.93,10,14930,1
13:16:34,14.93,10,14930,1
13:16:31,14.92,58,86536,-1
13:16:22,14.92,21,31332,-1
13:16:13,14.93,3,4479,1
13:16:04,14.92,1,1492,-1
13:16:01,14.92,6,8952,-1
13:15:52,14.93,6,8958,1
13:15:40,14.93,13,19409,1
13:15:37,14.93,99,147807,1
13:15:34,14.93,50,74650,1
13:15:28,14.93,3,4479,1
13:15:22,14.93,33,49269,-1
13:15:07,14.93,100,149300,-1
13:14:49,14.94,2,2988,1
13:14:22,14.94,2,2988,1
13:13:49,14.93,10,14930,-1
13:13:45,14.93,19,28367,-1
13:13:40,14.93,70,104510,-1
13:13:37,14.94,10,14940,1
13:13:28,14.93,63,94059,-1
13:13:19,14.94,10,14940,1
13:13:16,14.94,2,2988,1
13:13:10,14.94,20,29880,1
13:12:55,14.93,60,89580,-1
13:12:46,14.94,9,13446,1
13:12:37,14.93,5,7465,-1
13:12:31,14.94,2,2988,1
13:12:27,14.93,45,67185,-1
13:12:24,14.94,4,5976,1
13:12:19,14.94,10,14940,1
13:12:07,14.94,1,1494,1
13:11:55,14.94,3,4482,1
13:11:52,14.94,18,26892,1
13:11:48,14.94,2,2988,1
13:11:46,14.93,6,8958,-1
13:11:40,14.94,13,19422,1
13:11:37,14.94,1,1494,1
13:11:33,14.94,3,4482,1
13:11:30,14.94,2,2988,1
13:11:27,14.94,1,1494,1
13:11:19,14.93,11,16423,-1
13:11:12,14.94,0,0,0
13:11:09,14.94,7,10458,-1
13:10:40,14.95,2,2990,1
13:10:30,14.95,2,2990,1
13:10:18,14.95,1,1495,1
13:10:09,14.95,113,168935,1
13:10:06,14.94,10,14940,-1
13:09:48,14.95,0,0,1
13:09:39,14.95,2,2990,1
13:09:18,14.95,10,14950,1
13:09:06,14.95,92,137540,1
13:08:42,14.93,1,1493,-1
13:08:39,14.94,1,1494,-1
13:08:33,14.94,2,2988,1
13:08:24,14.94,4,5976,1
13:08:15,14.93,10,14930,-1
13:08:09,14.94,2,2988,1
13:08:06,14.94,26,38844,1
13:08:03,14.94,5,7470,1
13:08:00,14.93,1,1493,-1
13:07:54,14.94,57,85158,-1
13:07:39,14.94,20,29880,-1
13:07:35,14.94,11,16434,-1
13:07:24,14.95,2,2990,1
13:07:15,14.95,2,2990,1
13:07:09,14.94,6,8964,1
13:06:53,14.93,4,5972,-1
13:06:41,14.94,0,0,1
13:06:23,14.94,2,2988,1
13:06:17,14.94,11,16434,1
13:06:11,14.92,21,31332,-1
13:06:02,14.92,40,59680,-1
13:05:50,14.92,40,59680,-1
13:05:41,14.92,40,59680,-1
13:05:29,14.92,52,78911,-1
13:05:23,14.92,40,59680,-1
13:05:20,14.94,2,2988,1
13:05:14,14.92,96,143232,-1
13:05:02,14.92,40,59680,-1
13:04:53,14.92,0,0,-1
13:04:50,14.92,40,59680,-1
13:04:41,14.92,41,61172,-1
13:04:23,14.92,40,59680,-1
13:04:14,14.94,8,11952,1
13:04:11,14.92,40,59680,-1
13:04:02,14.93,40,59720,-1
13:03:59,14.93,20,29860,-1
13:03:50,14.94,45,67230,1
13:03:41,14.93,40,59720,-1
13:03:26,14.94,34,50960,-1
13:03:23,14.94,40,59760,-1
13:03:20,14.95,2,2990,-1
13:03:14,14.95,12,19270,1
13:03:11,14.94,40,59760,-1
13:03:05,14.95,2,2990,1
13:03:02,14.94,40,59760,-1
13:02:50,14.94,40,59760,-1
13:02:44,14.95,7,10465,1
13:02:38,14.94,40,59760,-1
13:02:32,14.95,1,1495,1
13:02:26,14.95,92,137704,-1
13:02:23,14.95,40,59800,-1
13:02:17,14.96,102,152592,1
13:02:11,14.95,40,59800,-1
13:02:02,14.95,40,59800,-1
13:01:59,14.95,3,4485,-1
13:01:50,14.95,40,59800,-1
13:01:38,14.95,40,59800,-1
13:01:35,14.96,4,5984,1
13:01:32,14.96,20,29920,1
13:01:23,14.95,40,59800,-1
13:01:17,14.96,2,2992,1
13:01:14,14.96,57,85406,-1
13:01:02,14.96,40,59840,-1
13:00:53,14.96,2,2992,-1
13:00:50,14.96,40,59840,-1
13:00:41,14.96,40,59840,-1
13:00:38,14.97,7,10479,-1
13:00:35,14.97,2,2994,-1
13:00:23,14.97,7,10479,-1
13:00:14,14.97,1,1497,-1
13:00:11,14.97,2,2994,-1
13:00:08,14.98,51,76398,1
13:00:05,14.96,95,142120,-1
13:00:02,14.96,127,189992,-1
11:30:00,14.96,0,0,-1
11:30:00,14.96,20,29920,-1
11:29:57,14.96,1,1496,-1
11:29:43,14.99,1,1499,1
11:29:27,14.99,3,4497,1
11:28:57,14.96,20,29920,-1
11:28:51,14.97,41,61377,-1
11:28:45,14.98,1,1498,1
11:28:42,14.98,7,10486,1
11:28:39,14.97,1,1497,-1
11:28:03,14.98,7,10486,-1
11:28:00,14.99,25,37475,1
11:27:54,14.98,4,5992,1
11:27:51,14.97,20,29940,-1
11:27:45,14.97,2,2994,-1
11:27:39,14.97,0,0,-1
11:27:30,14.97,10,14970,-1
11:27:18,14.98,2,2996,-1
11:26:48,14.97,0,0,-1
11:26:45,14.97,20,29940,-1
11:26:42,14.99,1,1499,1
11:26:36,14.98,20,29960,-1
11:26:27,14.98,20,29960,-1
11:26:21,14.98,119,179625,1
11:26:18,14.98,1,1498,1
11:26:09,14.97,50,74850,-1
11:26:06,14.97,1,1497,-1
11:25:51,14.97,12,17964,-1
11:25:45,14.97,11,16467,-1
11:25:39,14.97,20,29940,-1
11:25:15,14.98,1,1498,1
11:24:57,14.97,30,44910,-1
11:24:48,14.98,3,4494,1
11:24:45,14.98,3,4494,1
11:24:33,14.98,22,32956,1
11:24:30,14.97,10,14970,-1
11:24:24,14.97,1,1497,-1
11:24:21,14.98,7,10486,1
11:24:18,14.98,5,7490,1
11:24:12,14.98,1,1498,1
11:24:09,14.98,10,14980,1
11:23:57,14.98,59,88382,1
11:23:48,14.98,20,29960,1
11:23:33,14.98,2,2996,1
11:23:27,14.96,20,29920,-1
11:23:24,14.97,9,13473,1
11:22:54,14.97,14,20958,-1
11:22:51,14.98,3,4494,1
11:22:45,14.97,6,8982,1
11:22:29,14.97,24,35928,1
11:22:24,14.97,20,29940,1
11:22:20,14.96,20,29920,-1
11:22:12,14.96,1,1496,-1
11:21:59,14.96,130,194480,-1
11:21:38,14.97,2,2994,1
11:21:32,14.95,0,0,-1
11:21:20,14.95,54,80730,-1
11:21:15,14.95,20,29900,-1
11:21:12,14.95,6,8970,-1
11:21:09,14.96,5,7480,-1
11:21:05,14.96,4,5984,-1
11:21:02,14.96,514,768944,-1
11:20:56,14.96,30,44880,-1
11:20:46,14.96,0,0,-1
11:20:37,14.96,13,19448,-1
11:20:35,14.97,21,31437,-1
11:20:22,14.98,2,2996,1
11:20:16,14.96,2,2992,-1
11:20:10,14.96,0,0,-1
11:20:01,14.96,30,44880,-1
11:19:37,14.97,92,137724,-1
11:19:31,14.97,282,422154,-1
11:19:19,14.98,17,25466,1
11:18:55,14.97,20,29940,-1
11:18:40,14.98,2,2996,1
11:18:34,14.98,27,40580,-1
11:18:28,14.98,10,14980,-1
11:18:10,14.98,1,1498,-1
11:18:01,14.98,21,31458,-1
11:17:55,14.98,48,71904,-1
11:17:49,14.98,20,29960,-1
11:17:37,15.0,2,3000,1
11:17:34,14.98,4,5992,-1
11:17:13,14.98,12,17976,-1
11:17:07,15.0,10,15000,1
11:17:04,14.98,6,8988,-1
11:16:58,14.98,3,4494,-1
11:16:52,14.98,9,13482,-1
11:16:43,14.98,36,53928,-1
11:16:40,14.98,26,38948,-1
11:16:37,14.98,15,22470,-1
11:16:34,14.98,9,13482,-1
11:16:22,15.0,2,4365,1
11:16:04,14.98,2,2996,-1
11:16:01,14.98,1,1498,-1
11:15:55,14.99,100,149900,-1
11:15:52,14.98,0,0,-1
11:15:37,14.98,20,29960,-1
11:15:34,15.0,2,3000,1
11:15:07,15.0,20,30000,1
11:14:40,14.99,0,0,1
11:14:34,14.99,2,2998,1
11:14:31,14.99,5,7495,1
11:14:28,14.98,20,29960,-1
11:14:16,15.0,0,0,1
11:13:28,15.0,2,3000,1
11:13:22,14.98,20,29960,-1
11:13:10,14.99,47,70453,1
11:13:07,14.98,1,1498,-1
11:12:58,14.99,15,22485,-1
11:12:52,14.99,11,16489,-1
11:12:28,15.0,2,3000,1
11:12:22,15.0,20,30000,1
11:12:13,14.99,20,29980,-1
11:11:49,15.0,0,0,1
11:11:34,15.0,3,4500,1
11:11:07,14.98,8,11984,-1
11:11:04,14.98,20,29960,-1
11:10:55,15.0,1,1500,1
11:10:49,14.99,6,8994,1
11:10:36,14.99,0,0,0
11:10:33,14.99,2,2998,1
11:10:28,14.99,1,1499,1
11:10:22,14.99,3,4497,1
11:10:00,14.98,20,29960,-1
11:09:45,14.99,14,20986,1
11:09:39,14.99,6,8994,1
11:09:33,14.99,1,1499,1
11:09:30,14.99,51,76449,1
11:09:12,14.99,20,29980,1
11:09:03,14.99,4,5996,1
11:08:57,14.98,22,32956,-1
11:08:54,14.98,20,29960,-1
11:08:51,15.0,0,0,1
11:08:39,15.0,2,3000,1
11:08:21,14.98,40,59920,-1
11:08:12,14.99,10,14990,1
11:07:54,14.98,91,136318,-1
11:07:48,14.98,0,0,-1
11:07:42,14.98,20,29960,-1
11:07:39,14.99,8,11992,-1
11:07:30,14.99,27,40473,-1
11:07:27,14.99,38,56962,-1
11:07:21,14.99,3,4497,-1
11:07:18,14.99,35,52465,1
11:07:12,14.99,20,29980,1
11:06:45,14.98,0,0,-1
11:06:36,14.98,20,29960,-1
11:06:24,15.0,2,3000,1
11:06:18,14.98,44,65912,-1
11:06:15,15.0,10,15000,1
11:06:12,14.98,8,11984,-1
11:06:03,15.0,1,1500,1
11:05:45,14.98,10,14980,-1
11:05:36,15.0,2,3000,1
11:05:30,14.98,20,29960,-1
11:05:27,14.99,5,7495,-1
11:05:18,15.0,12,18000,1
11:05:09,14.99,9,13491,-1
11:05:03,14.99,1,1499,-1
11:04:39,15.0,2,3000,1
11:04:36,14.99,1,1499,-1
11:04:30,14.99,11,16489,1
11:04:23,14.99,25,37475,1
11:04:05,14.98,1,1498,-1
11:03:35,14.98,11,16478,-1
11:03:17,14.98,20,29960,-1
11:03:14,14.98,8,11984,-1
11:03:08,14.98,50,74900,-1
11:03:05,14.98,1,1498,-1
11:02:50,14.98,1,1498,1
11:02:47,14.97,6,8982,-1
11:02:32,14.97,0,0,-1
11:02:26,14.97,90,134730,-1
11:02:20,14.97,0,0,-1
11:02:14,14.97,0,0,-1
11:02:08,14.97,20,29940,-1
11:02:02,14.98,1,2831,1
11:01:56,14.98,2,2996,1
11:01:47,14.98,10,14980,1
11:01:44,14.99,3,4661,-1
11:01:35,15.0,5,7500,1
11:01:32,14.99,1,1499,-1
11:01:23,14.99,6,10328,1
11:01:14,14.99,10,14990,1
11:01:02,14.97,21,31437,-1
11:00:56,14.97,13,19461,1
11:00:50,14.97,40,59880,1
11:00:47,14.97,20,29940,1
11:00:44,14.97,27,40419,-1
11:00:38,14.99,20,29980,1
11:00:35,14.97,1,1497,-1
11:00:31,14.96,25,37400,-1
11:00:25,14.99,0,0,1
11:00:20,14.99,10,14990,1
11:00:16,14.97,295,441779,-1
11:00:08,14.99,5,7495,1
11:00:01,14.99,1,1499,1
10:59:55,14.98,20,29960,-1
10:59:46,14.99,20,29980,1
10:59:43,14.99,7,10493,-1
10:59:31,14.99,1,1499,-1
10:59:25,14.99,21,31479,-1
10:59:16,15.0,2,3000,1
10:59:07,14.99,6,8994,1
10:59:01,14.99,1,1499,1
10:58:49,14.97,20,29940,-1
10:58:46,14.98,21,31458,-1
10:58:37,14.99,3,4497,1
10:58:34,14.98,10,14980,-1
10:58:19,14.98,6,8988,-1
10:58:13,14.99,13,19487,1
10:58:07,14.98,1,1498,-1
10:57:43,14.98,20,29960,-1
10:57:37,14.98,1,1498,-1
10:57:10,15.0,2,3000,1
10:57:07,14.99,6,8994,1
10:56:37,14.98,21,31458,-1
10:56:31,14.99,42,62958,-1
10:56:13,15.0,3,4500,1
10:56:10,14.99,4,5996,-1
10:56:07,14.99,1,1499,-1
10:55:55,14.99,31,46469,-1
10:55:52,15.0,3,4500,1
10:55:40,14.99,1,1499,-1
10:55:34,14.99,1,1499,-1
10:55:31,14.99,20,29980,-1
10:55:25,15.0,7,10500,-1
10:55:10,15.01,2,3002,1
10:55:04,15.0,1,1500,-1
10:55:01,15.0,2,3000,-1
10:54:46,15.01,2,3002,1
10:54:37,15.0,1,1500,-1
10:54:25,15.0,22,33000,-1
10:54:16,15.0,4,6000,-1
10:54:04,15.0,3,4500,-1
10:53:55,15.01,4,6004,-1
10:53:40,15.01,63,94563,1
10:53:19,15.01,25,37525,1
10:53:16,15.01,1,1501,1
10:53:10,15.01,28,42028,1
10:53:04,15.0,1,1500,-1
10:52:55,15.01,2,3002,1
10:52:52,15.01,12,18012,1
10:52:37,15.0,1,1500,-1
10:52:34,15.0,9,13500,-1
10:52:13,15.0,20,30000,-1
10:52:07,15.01,6,9006,1
10:51:58,15.01,2,3002,1
10:51:49,15.0,37,55500,1
10:51:37,14.99,1,1499,-1
10:51:34,15.0,61,91500,-1
10:51:25,15.01,7,10507,1
10:51:19,15.0,13,19500,-1
10:51:16,15.01,1,1501,1
10:51:13,15.01,2,3002,1
10:51:10,15.0,32,48000,1
10:51:07,14.99,21,31479,-1
10:51:04,15.0,1,1500,1
10:50:58,14.99,3,4497,-1
10:50:54,15.0,82,123000,1
10:50:52,14.99,99,148401,-1
10:50:49,14.99,295,442205,-1
10:50:37,14.99,8,11992,-1
10:50:34,14.99,18,26982,-1
10:50:31,15.0,15,22500,1
10:50:22,15.0,37,55500,-1
10:50:19,15.0,11,16500,-1
10:50:16,15.0,40,60000,-1
10:50:12,15.0,11,16500,-1
10:50:09,15.0,12,18000,-1
10:50:06,15.0,5,7500,-1
10:50:04,15.01,26,39026,1
10:49:57,15.01,24,36024,1
10:49:42,15.0,70,105000,-1
10:49:36,15.0,1,1500,-1
10:49:27,15.01,5,7505,1
10:49:15,15.0,2,3000,1
10:49:06,14.99,59,88441,-1
10:49:00,15.0,10,15000,1
10:48:57,14.99,142,213472,1
10:48:54,14.97,4,5988,-1
10:48:51,14.97,1,1497,-1
10:48:42,14.99,1,1499,1
10:48:18,14.99,1,1499,1
10:48:12,14.99,36,53964,1
10:48:06,14.97,200,299400,-1
10:47:51,14.98,20,29960,-1
10:47:27,14.98,1,1498,-1
10:47:21,14.99,12,17988,1
10:47:15,14.99,2,2998,1
10:47:12,14.98,11,16478,-1
10:47:09,14.99,1,1499,1
10:47:06,14.98,1,1498,-1
10:46:57,14.98,1,1498,1
10:46:51,14.98,10,14980,-1
10:46:48,14.97,0,0,-1
10:46:45,14.97,20,29940,-1
10:46:39,14.98,11,16478,-1
10:46:33,14.99,22,32978,1
10:46:30,14.98,1,1498,1
10:46:27,14.98,6,8988,1
10:46:21,14.98,5,7490,1
10:46:18,14.98,1,1498,1
10:46:12,14.98,1,1498,1
10:46:09,15.0,0,0,1
10:46:03,15.0,2,3000,1
10:45:54,14.97,13,19461,-1
10:45:48,14.97,0,0,-1
10:45:39,14.97,20,29940,-1
10:45:33,14.97,0,0,-1
10:45:30,14.97,0,0,-1
10:45:27,14.97,8,11976,-1
10:45:24,15.0,13,19500,1
10:45:21,14.97,0,0,-1
10:45:18,14.97,0,0,-1
10:45:03,14.97,70,104790,-1
10:44:57,14.98,0,0,-1
10:44:51,14.98,13,19474,-1
10:44:33,14.98,20,29960,-1
10:44:24,15.0,2,3000,1
10:44:21,14.98,1,1498,-1
10:44:18,15.0,7,10500,1
10:44:08,15.0,10,15000,1
10:43:59,15.0,21,31500,1
10:43:53,14.98,15,22470,-1
10:43:44,14.98,0,0,-1
10:43:41,14.98,2,2996,-1
10:43:26,14.98,20,29960,-1
10:43:20,15.0,1,1500,1
10:42:59,15.0,2,3000,1
10:42:47,14.98,11,16478,-1
10:42:41,14.98,21,31458,1
10:42:29,14.98,180,269640,-1
10:42:23,14.98,2,2996,-1
10:42:20,14.98,20,29960,-1
10:42:14,14.99,12,17988,-1
10:42:11,15.0,10,15000,1
10:42:05,15.0,3,4500,1
10:42:02,14.99,10,14990,-1
10:41:53,14.99,9,13491,-1
10:41:26,14.99,1,1499,-1
10:41:23,14.99,99,148401,1
10:41:14,14.98,20,29960,-1
10:41:11,14.98,1,1498,-1
10:41:08,14.99,20,29980,1
10:41:05,14.99,14,20986,1
10:41:02,14.99,66,98934,1
10:40:59,14.99,48,71952,1
10:40:50,14.98,9,13482,-1
10:40:19,14.99,1,1499,1
10:40:04,14.98,20,29960,-1
10:39:55,14.99,18,26982,1
10:39:52,14.98,19,28462,-1
10:39:40,14.99,100,149900,1
10:39:37,14.99,1,1499,1
10:39:34,14.98,5,7490,-1
10:39:31,14.98,4,5992,-1
10:39:28,14.98,15,22470,-1
10:39:22,14.98,10,14980,-1
10:39:19,14.99,1,1499,1
10:39:16,14.98,74,110852,-1
10:39:13,14.99,3,4497,1
10:39:04,14.97,0,0,-1
10:39:01,14.97,20,29940,-1
10:38:58,14.99,2,2998,1
10:38:55,14.98,0,0,0
10:38:49,14.98,6,8988,-1
10:38:40,14.98,47,70406,-1
10:38:34,14.99,2,2998,1
10:38:28,14.98,24,35952,-1
10:38:25,14.99,10,14990,1
10:38:19,14.98,2,2996,-1
10:38:07,14.99,2,2998,1
10:38:04,14.99,2,2998,1
10:37:58,14.97,0,0,-1
10:37:55,14.97,20,29940,-1
10:37:49,14.98,13,19474,-1
10:37:40,14.98,5,7490,-1
10:37:28,14.97,0,0,-1
10:37:07,14.97,19,28443,-1
10:37:01,14.98,47,71125,1
10:36:55,14.98,5,7490,1
10:36:52,14.98,1,1498,1
10:36:49,14.98,22,32956,1
10:36:43,14.98,15,22470,1
10:36:40,14.97,39,58383,-1
10:36:34,14.98,10,14980,1
10:36:16,14.98,2,2996,1
10:36:13,14.98,13,19474,1
10:36:07,14.98,4,5992,1
10:36:04,14.98,10,14980,1
10:36:01,14.97,2,2994,-1
10:35:52,14.97,21,31437,1
10:35:43,14.96,20,29920,-1
10:35:40,14.97,4,5988,1
10:35:28,14.97,3,4491,-1
10:35:19,14.97,3,4491,1
10:35:16,14.97,217,324849,-1
10:35:13,14.97,2,2994,-1
10:35:07,14.97,17,25449,-1
10:35:01,14.97,18,26946,-1
10:34:58,14.98,2,2996,1
10:34:49,14.98,134,200732,-1
10:34:46,14.98,20,29960,-1
10:34:43,14.98,6,8988,-1
10:34:37,14.98,26,38948,-1
10:34:34,14.99,20,29980,1
10:34:31,14.98,95,142310,-1
10:34:28,14.99,14,20986,1
10:34:25,14.99,5,7495,1
10:34:22,14.98,1,1498,-1
10:34:16,14.99,10,14990,1
10:34:13,14.99,2,2998,1
10:34:07,14.99,4,5996,1
10:34:04,14.99,5,7495,1
10:34:01,14.98,1,1498,-1
10:33:55,14.99,66,98934,1
10:33:31,14.99,4,5996,1
10:33:28,14.98,20,29960,-1
10:33:22,14.99,5,7495,1
10:33:19,14.99,230,344770,-1
10:33:07,14.99,18,26982,-1
10:33:04,15.0,0,0,0
10:33:01,15.0,10,15000,-1
10:32:46,15.0,1,1500,-1
10:32:43,14.99,100,149900,-1
10:32:40,15.0,1,1500,-1
10:32:37,15.0,17,25500,-1
10:32:34,15.0,2,3000,1
10:32:28,15.0,4,6000,1
10:32:25,14.99,20,29980,-1
10:32:22,15.0,6,9000,1
10:32:13,15.0,10,15000,1
10:32:07,15.0,10,15000,1
10:32:04,15.0,1,1500,1
10:32:01,14.99,17,25483,-1
10:31:55,14.99,10,14990,-1
10:31:52,15.0,24,36000,1
10:31:34,14.99,1,1499,-1
10:31:28,14.99,13,19487,-1
10:31:18,15.0,23,34500,1
10:31:15,14.99,12,17988,-1
10:31:06,15.0,7,10500,1
10:31:03,14.99,6,8994,-1
10:30:54,15.0,7,10500,-1
10:30:36,15.0,5,7500,1
10:30:30,14.99,7,10493,-1
10:30:24,14.99,8,11992,-1
10:30:21,15.0,11,16500,1
10:30:18,14.99,5,7495,-1
10:30:12,14.99,20,29980,-1
10:30:06,15.0,1,1500,1
10:30:03,14.99,57,85443,1
10:30:00,14.99,47,70453,1
10:29:54,14.99,27,40473,1
10:29:51,14.99,7,10493,1
10:29:45,14.99,2,2998,1
10:29:39,14.98,5,7490,-1
10:29:36,14.98,6,8988,-1
10:29:33,14.99,14,20986,1
10:29:27,14.98,21,31458,-1
10:29:24,14.98,4,5992,-1
10:29:21,14.99,3,4497,1
10:29:09,14.98,20,29960,-1
10:29:00,14.99,2,3777,-1
10:28:57,14.99,1,1499,-1
10:28:54,15.0,11,16500,1
10:28:51,14.99,20,29980,-1
10:28:48,14.99,149,223351,-1
10:28:45,14.99,36,53964,-1
10:28:42,15.0,2,3000,1
10:28:39,14.99,17,25483,-1
10:28:33,15.0,7,10500,1
10:28:30,15.0,5,7500,1
10:28:27,14.99,20,29980,-1
10:28:18,14.99,1,1499,-1
10:28:15,15.0,17,25500,1
10:28:12,15.0,5,7500,1
10:28:03,14.99,304,455696,-1
10:27:57,14.99,1,1499,-1
10:27:51,15.0,22,33000,1
10:27:48,14.99,4,5996,-1
10:27:45,14.99,1,1499,-1
10:27:36,15.0,16,24000,1
10:27:30,15.0,2,3000,1
10:27:27,15.0,6,9000,1
10:27:24,15.0,20,30000,1
10:27:15,15.0,5,7500,1
10:27:12,15.0,1,1500,1
10:27:06,15.0,71,106500,-1
10:27:00,15.0,1,1500,-1
10:26:57,15.0,21,31500,-1
10:26:39,15.01,2,3002,1
10:26:30,14.99,40,59960,-1
10:26:27,14.99,101,151399,-1
10:26:21,15.0,11,16500,-1
10:26:15,15.0,60,90720,1
10:26:09,14.99,25,37475,-1
10:26:00,14.99,6,8994,-1
10:25:57,14.99,12,17988,-1
10:25:54,15.0,2,3000,1
10:25:51,14.99,49,73451,-1
10:25:41,15.0,24,36000,1
10:25:35,15.0,6,9000,1
10:25:32,15.0,2,3000,1
10:25:27,14.99,1,1499,-1
10:25:23,14.99,1,1499,-1
10:25:21,14.99,1,1499,-1
10:25:14,15.0,2,3000,1
10:24:53,15.0,453,680280,-1
10:24:44,15.0,22,33000,-1
10:24:38,15.0,8,12000,-1
10:24:32,15.0,6,9000,-1
10:24:23,15.0,8,12000,-1
10:24:14,15.0,174,261000,-1
10:24:11,15.0,35,52500,-1
10:24:08,15.0,1,1500,-1
10:24:05,15.01,14,21014,1
10:23:56,15.01,1,1501,1
10:23:53,15.0,4,6000,-1
10:23:50,15.0,9,13500,-1
10:23:47,15.01,2,3002,1
10:23:38,15.01,140,210140,-1
10:23:35,15.01,20,30020,-1
10:23:26,15.02,6,9012,1
10:23:20,15.01,8,12008,-1
10:22:56,15.02,1,1502,-1
10:22:44,15.02,11,16522,-1
10:22:38,15.03,2,3006,1
10:22:29,15.02,24,36048,-1
10:22:26,15.02,1,1502,-1
10:22:23,15.02,1,1502,-1
10:22:17,15.03,2,3006,1
10:22:14,15.02,1,1502,-1
10:22:08,15.02,1,1502,-1
10:22:05,15.02,5,7510,-1
10:21:56,15.02,1,1502,-1
10:21:47,15.03,2,3006,1
10:21:41,15.03,47,70641,-1
10:21:26,15.03,1,1503,-1
10:21:22,15.03,20,30060,-1
10:21:16,15.04,2,3008,1
10:21:13,15.04,6,9024,1
10:20:56,15.03,1,1503,-1
10:20:43,15.03,81,121743,1
10:20:40,15.03,2,3006,1
10:20:37,15.02,6,9012,-1
10:20:31,15.02,10,15020,-1
10:20:28,15.02,2,3004,-1
10:20:25,15.02,1,1502,-1
10:20:19,15.02,10,15020,1
10:20:16,15.01,20,30020,-1
10:20:10,15.02,1,1502,1
10:20:07,15.01,10,15010,-1
10:20:01,15.02,24,36048,-1
10:19:49,15.02,2,3004,-1
10:19:46,15.01,5,7505,-1
10:19:40,15.02,2,3004,1
10:19:37,15.01,2,3002,-1
10:19:28,15.02,100,150200,-1
10:19:25,15.02,5,7510,-1
10:19:22,15.02,44,66088,-1
10:19:10,15.02,20,30040,-1
10:19:01,15.02,6,9012,-1
10:18:49,15.03,18,27054,-1
10:18:40,15.04,1,1504,1
10:18:37,15.04,12,18048,1
10:18:34,15.03,1,1503,-1
10:18:28,15.03,2,3006,1
10:18:19,15.02,0,0,-1
10:18:16,15.02,4,6008,-1
10:18:04,15.02,22,33044,-1
10:18:01,15.03,2,3006,0
10:17:55,15.02,76,114152,-1
10:17:40,15.03,2,3006,-1
10:17:37,15.03,72,108216,1
10:17:34,15.03,10,15030,1
10:17:31,15.03,10,15030,1
10:17:28,15.02,8,12016,-1
10:17:25,15.02,6,9012,-1
10:17:16,15.02,2,3004,-1
10:17:07,15.02,3,4506,-1
10:17:01,15.02,9,13518,-1
10:16:58,15.02,20,30040,-1
10:16:52,15.02,78,117156,-1
10:16:49,15.02,50,75100,-1
10:16:46,15.02,17,25534,-1
10:16:37,15.02,4,6008,-1
10:16:34,15.03,13,19539,1
10:16:25,15.02,20,30040,-1
10:16:19,15.02,2,3004,-1
10:16:16,15.02,18,27036,-1
10:16:13,15.03,10,15030,1
10:16:10,15.03,8,12024,1
10:16:04,15.03,1,1503,1
10:15:58,15.03,5,7515,1
10:15:55,15.03,2,3006,-1
10:15:52,15.03,20,30060,-1
10:15:46,15.04,3,4512,1
10:15:43,15.03,3,4509,-1
10:15:19,15.03,1,1503,-1
10:15:07,15.04,3,4512,1
10:14:52,15.02,0,0,-1
10:14:49,15.02,35,52570,-1
10:14:46,15.04,2,3008,1
10:14:34,15.04,150,225600,1
10:14:31,15.04,6,9024,1
10:14:25,15.03,11,16533,1
10:14:16,15.03,47,70641,-1
10:14:13,15.03,1,1503,-1
10:14:01,15.03,1,1503,-1
10:13:52,15.04,13,19552,1
10:13:49,15.03,0,0,0
10:13:43,15.03,20,30060,-1
10:13:31,15.04,6,9024,1
10:13:15,15.04,10,15040,1
10:13:13,15.03,1,1503,-1
10:13:07,15.03,5,7515,-1
10:13:01,15.04,1,1504,1
10:12:45,15.04,10,15040,1
10:12:42,15.03,1,1503,-1
10:12:40,15.04,2,3008,1
10:12:36,15.04,22,33088,1
10:12:21,15.04,10,15040,-1
10:12:18,15.05,20,30100,1
10:12:06,15.05,1,1505,1
10:12:00,15.04,1,1504,-1
10:11:54,15.05,0,0,1
10:11:51,15.05,71,106855,1
10:11:48,15.04,2,3008,1
10:11:39,15.04,6,9024,-1
10:11:33,15.04,4,6016,-1
10:11:30,15.04,21,31584,-1
10:11:06,15.04,299,449696,1
10:10:57,15.03,10,15030,-1
10:10:54,15.04,3,4512,1
10:10:45,15.03,2,3006,-1
10:10:39,15.03,21,31563,1
10:10:27,15.03,34,51102,-1
10:10:24,15.03,20,30060,-1
10:10:12,15.04,50,75200,1
10:10:09,15.04,15,22560,-1
10:10:06,15.04,4,6016,-1
10:10:00,15.04,1,1504,-1
10:09:51,15.04,3,4512,-1
10:09:48,15.04,33,49632,1
10:09:45,15.03,8,12024,1
10:09:42,15.03,7,10521,-1
10:09:36,15.04,3,4512,1
10:09:33,15.03,5,7515,-1
10:09:27,15.03,2,3006,-1
10:09:21,15.03,16,24048,-1
10:09:18,15.03,20,30060,-1
10:09:15,15.04,6,9024,-1
10:09:12,15.04,9,13536,-1
10:09:09,15.04,85,127840,1
10:09:06,15.04,12,18048,1
10:08:51,15.03,2,3006,-1
10:08:45,15.04,2,3008,1
10:08:33,15.04,2,3008,1
10:08:30,15.04,1,1504,1
10:08:27,15.03,1,1503,-1
10:08:18,15.03,2,3006,-1
10:08:15,15.02,0,0,-1
10:08:12,15.02,20,30040,-1
10:08:09,15.02,269,405449,-1
10:08:06,15.03,10,15030,1
10:08:00,15.03,3,4509,1
10:07:51,15.02,3,4506,-1
10:07:48,15.03,2,3006,1
10:07:45,15.02,3,4506,-1
10:07:42,15.03,10,15030,1
10:07:36,15.03,13,19539,1
10:07:33,15.03,2,3006,1
10:07:30,15.02,0,0,-1
10:07:26,15.02,0,0,-1
10:07:23,15.02,12,18024,-1
10:07:15,15.05,2,3010,1
10:07:06,15.02,22,33044,-1
10:07:03,15.03,2,3006,-1
10:07:00,15.03,27,40581,-1
10:06:51,15.05,0,0,1
10:06:47,15.05,9,13545,1
10:06:39,15.05,28,42140,1
10:06:29,15.03,1,1503,-1
10:06:24,15.03,9,13527,-1
10:05:59,15.03,20,30060,-1
10:05:44,15.03,1,1503,-1
10:05:35,15.05,2,3010,1
10:05:32,15.05,15,22575,1
10:05:23,15.03,0,0,-1
10:05:20,15.03,10,15030,-1
10:05:14,15.04,24,36096,1
10:04:59,15.03,3,4509,-1
10:04:56,15.03,1,1503,-1
10:04:53,15.03,22,33066,-1
10:04:32,15.04,8,12032,-1
10:04:29,15.02,150,225300,-1
10:04:26,15.04,12,18048,1
10:04:23,15.04,4,6016,1
10:04:02,15.03,20,30060,-1
10:03:59,15.03,20,30060,-1
10:03:56,15.03,1,1503,-1
10:03:47,15.03,21,31563,-1
10:03:29,15.03,20,30060,-1
10:03:26,15.04,23,34592,1
10:03:08,15.03,15,22545,1
10:03:05,15.03,2,3006,-1
10:03:02,15.03,11,16533,-1
10:02:59,15.03,1,1503,-1
10:02:56,15.03,4,6012,1
10:02:53,15.02,50,75100,-1
10:02:47,15.03,10,15030,1
10:02:41,15.02,20,30040,-1
10:02:35,15.03,4,6012,-1
10:02:32,15.03,2,3006,-1
10:02:26,15.03,12,18036,1
10:02:23,15.02,1,1502,-1
10:02:16,15.03,5,7515,1
10:02:14,15.03,2,3006,1
10:01:58,15.03,14,21042,1
10:01:55,15.02,1,1502,-1
10:01:49,15.03,38,57114,1
10:01:40,15.01,0,0,-1
10:01:34,15.01,21,31521,-1
10:01:22,15.02,3,4506,1
10:01:19,15.01,0,0,-1
10:01:16,15.01,20,30020,-1
10:01:13,15.02,13,19526,1
10:00:52,15.02,2,3004,1
10:00:43,15.0,20,30000,-1
10:00:40,15.0,4,6000,-1
10:00:37,15.0,3,4500,-1
10:00:34,15.0,22,33000,-1
10:00:31,15.0,4,6000,-1
10:00:28,15.01,1,1501,1
10:00:25,15.01,8,12008,1
10:00:16,15.0,380,570720,1
10:00:13,15.0,55,82500,1
10:00:10,15.0,6,9000,1
10:00:07,15.0,555,832500,1
10:00:04,15.0,115,172500,1
10:00:01,14.99,3,4497,-1
09:59:58,14.99,4,5996,-1
09:59:55,14.99,38,56962,-1
09:59:52,15.0,20,30000,1
09:59:46,14.99,2,2998,-1
09:59:43,15.0,26,39000,1
09:59:40,15.0,134,201000,1
09:59:37,15.0,5,7500,1
09:59:31,15.0,38,57000,1
09:59:25,14.99,1,1499,-1
09:59:22,14.99,11,16489,-1
09:59:19,14.99,1,1499,-1
09:59:16,15.0,41,61500,1
09:59:13,15.0,50,75000,1
09:59:07,14.99,78,116922,-1
09:59:01,14.99,71,106429,-1
09:58:55,15.0,10,15000,1
09:58:40,15.0,30,45000,1
09:58:37,14.99,4,5996,-1
09:58:31,15.0,6,9000,1
09:58:28,15.0,24,36000,1
09:58:25,14.99,14,20986,-1
09:58:10,15.0,18,27000,1
09:58:07,14.99,15,22485,-1
09:58:04,14.99,2,2998,-1
09:58:01,14.99,20,29980,-1
09:57:58,14.99,2,2998,-1
09:57:55,14.99,53,79447,-1
09:57:49,15.0,140,210000,1
09:57:46,14.99,13,19487,-1
09:57:43,14.99,1,1499,-1
09:57:37,14.99,16,23984,1
09:57:34,14.99,20,29980,1
09:57:28,14.99,10,14990,1
09:57:25,14.99,115,172385,1
09:57:22,14.98,54,80892,-1
09:57:19,14.99,20,29980,1
09:57:07,14.99,66,98934,1
09:57:04,14.99,11,16489,1
09:56:58,14.99,20,29980,1
09:56:55,14.99,20,29980,1
09:56:52,14.99,21,31479,1
09:56:49,14.99,72,107928,-1
09:56:40,14.99,47,70453,1
09:56:37,14.99,15,22485,1
09:56:34,14.99,9,13491,1
09:56:31,14.99,6,8994,1
09:56:25,14.99,9,13491,1
09:56:19,14.99,3,4497,1
09:56:16,14.98,1,1498,-1
09:56:04,14.98,38,56924,-1
09:55:55,14.99,7,10493,1
09:55:43,14.98,30,44940,-1
09:55:40,14.99,2,2998,1
09:55:37,14.99,66,98934,1
09:55:34,14.98,48,71904,-1
09:55:31,14.98,10,14980,-1
09:55:28,14.98,8,11984,-1
09:55:22,14.98,6,8988,-1
09:55:10,14.99,2,2998,1
09:55:07,14.98,13,19474,-1
09:54:58,14.98,4,5992,-1
09:54:49,14.98,37,55426,-1
09:54:46,14.98,17,25466,-1
09:54:37,14.98,10,14980,-1
09:54:33,14.99,26,38974,1
09:54:31,14.98,5,7490,-1
09:54:22,14.98,18,26964,-1
09:54:19,14.99,10,14990,1
09:54:13,14.98,12,17976,-1
09:54:10,14.99,16,23984,1
09:54:07,14.99,6,8994,1
09:54:03,14.98,2,2996,-1
09:54:00,14.98,3,4494,-1
09:53:42,14.99,9,13491,1
09:53:40,14.98,5,7490,-1
09:53:30,14.98,50,74900,-1
09:53:27,14.98,30,44940,-1
09:53:24,14.98,25,37450,-1
09:53:18,14.98,36,53928,-1
09:53:12,14.99,25,37475,1
09:53:09,14.98,33,49434,-1
09:53:03,14.99,19,28481,1
09:52:58,14.98,41,61418,-1
09:52:54,15.0,140,210000,1
09:52:45,14.99,118,176882,-1
09:52:42,14.99,116,173884,-1
09:52:39,14.99,15,22485,-1
09:52:36,14.99,9,13491,-1
09:52:27,15.0,7,10500,1
09:52:24,15.0,10,15000,1
09:52:21,15.0,10,15000,1
09:52:15,15.0,13,19500,1
09:52:06,15.0,114,171000,1
09:52:03,15.0,10,15000,1
09:51:57,15.0,68,102780,-1
09:51:54,15.0,3,4500,-1
09:51:51,15.0,20,30000,-1
09:51:48,15.0,36,54000,-1
09:51:42,15.0,10,15000,-1
09:51:39,15.0,10,15000,-1
09:51:36,15.0,112,168720,1
09:51:21,15.0,140,210015,-1
09:51:18,15.0,7,10500,-1
09:51:15,15.0,25,38985,1
09:51:12,14.99,27,40487,-1
09:51:09,15.0,16,24000,-1
09:51:03,15.0,10,15000,-1
09:51:00,15.0,108,163485,1
09:50:57,15.0,13,19500,1
09:50:45,15.0,207,310515,-1
09:50:42,15.01,40,60040,1
09:50:39,15.0,61,91500,-1
09:50:33,15.01,10,15010,1
09:50:30,15.0,61,91500,-1
09:50:27,15.01,6,9006,-1
09:50:24,15.01,10,15010,-1
09:50:18,15.02,0,0,1
09:50:15,15.02,18,27036,1
09:50:12,15.01,3,4503,1
09:50:09,15.01,382,573382,1
09:50:06,15.01,2,3002,1
09:50:03,15.0,0,0,-1
09:49:57,15.0,15,22500,-1
09:49:54,15.01,154,231154,-1
09:49:51,15.02,20,30806,-1
09:49:48,15.02,15,22530,-1
09:49:45,15.03,13,19539,1
09:49:39,15.02,65,97630,-1
09:49:36,15.03,10,15030,1
09:49:33,15.02,52,78839,-1
09:49:30,15.02,61,91622,-1
09:49:24,15.02,22,33044,-1
09:49:21,15.02,20,30040,-1
09:49:18,15.02,15,22530,-1
09:49:12,15.02,4,6008,-1
09:49:09,15.03,71,106713,1
09:49:06,15.03,103,154809,1
09:49:03,15.03,5,7515,1
09:49:00,15.02,30,45060,-1
09:48:57,15.02,20,30040,-1
09:48:48,15.03,1,1503,1
09:48:42,15.03,20,30060,0
09:48:36,15.02,122,183244,-1
09:48:33,15.04,3,4512,-1
09:48:30,15.04,3,4512,-1
09:48:27,15.04,36,54144,1
09:48:21,15.02,11,16522,-1
09:48:14,15.02,20,30040,-1
09:48:12,15.02,11,16522,1
09:48:03,15.02,65,97630,1
09:48:00,15.01,71,106571,-1
09:47:57,15.02,11,16522,1
09:47:53,15.02,11,16522,1
09:47:50,15.02,103,154706,-1
09:47:48,15.03,17,25551,1
09:47:45,15.02,1,1502,-1
09:47:42,15.02,13,19526,-1
09:47:35,15.03,1,1503,1
09:47:29,15.03,17,25551,1
09:47:20,15.02,10,15020,-1
09:47:14,15.02,10,15020,1
09:47:09,15.01,0,0,-1
09:47:05,15.01,13,19513,-1
09:47:02,15.02,3,4506,-1
09:46:59,15.02,27,40554,1
09:46:56,15.01,2,3002,-1
09:46:50,15.01,2,3002,-1
09:46:47,15.01,12,18012,-1
09:46:41,15.01,20,30020,-1
09:46:38,15.01,8,12008,-1
09:46:32,15.01,24,36024,-1
09:46:20,15.01,12,18012,-1
09:46:08,15.01,20,30020,-1
09:46:02,15.02,4,6008,-1
09:45:53,15.01,0,0,-1
09:45:32,15.01,18,27018,-1
09:45:26,15.01,0,0,-1
09:45:23,15.01,10,15010,-1
09:45:20,15.01,100,150100,-1
09:45:11,15.02,8,12016,-1
09:45:08,15.02,60,90120,1
09:45:05,15.01,5,7505,-1
09:44:56,15.01,45,67545,0
09:44:53,15.0,5,7500,-1
09:44:50,15.0,40,60000,-1
09:44:44,15.0,35,52500,-1
09:44:41,15.01,86,129086,1
09:44:38,15.0,9,13500,-1
09:44:35,15.01,6,9006,1
09:44:32,15.01,20,30020,1
09:44:26,15.01,10,15010,1
09:44:23,15.01,2,3002,1
09:44:20,15.01,14,21014,1
09:44:11,15.01,6,9006,0
09:44:08,15.0,34,51000,-1
09:44:02,15.01,10,15010,-1
09:43:53,15.01,24,36024,1
09:43:47,15.01,11,16511,1
09:43:44,15.01,2,3002,1
09:43:32,15.01,10,15010,-1
09:43:25,15.0,1,1500,-1
09:43:17,15.0,15,22500,-1
09:43:13,15.01,5,8990,1
09:43:10,15.0,102,153015,-1
09:43:08,15.01,1,1501,-1
09:43:01,15.01,20,31505,1
09:42:58,15.0,69,103500,-1
09:42:55,15.01,15,22515,1
09:42:52,15.01,91,136591,1
09:42:49,15.0,50,75000,-1
09:42:46,15.01,100,150100,1
09:42:43,15.0,20,30000,-1
09:42:40,15.0,65,97500,-1
09:42:34,15.01,1,1501,1
09:42:31,15.01,30,45030,1
09:42:25,15.01,26,39026,1
09:42:19,15.01,46,69046,1
09:42:13,15.0,86,129000,-1
09:42:10,15.0,21,31500,-1
09:42:07,15.0,23,34500,-1
09:41:55,15.0,11,16500,-1
09:41:49,15.01,181,271696,-1
09:41:46,15.01,7,10507,-1
09:41:43,15.01,31,46531,-1
09:41:40,15.02,10,15020,1
09:41:31,15.01,16,24016,-1
09:41:28,15.01,54,81054,-1
09:41:25,15.01,40,60040,-1
09:41:19,15.01,10,15010,-1
09:41:16,15.01,248,373733,1
09:41:13,15.01,6,9006,1
09:41:10,15.01,2,3002,1
09:41:07,15.01,172,258172,1
09:41:04,15.01,10,15010,1
09:41:01,15.01,19,28519,1
09:40:58,15.01,209,313724,-1
09:40:55,15.01,15,22515,-1
09:40:52,15.01,130,196615,-1
09:40:49,15.02,42,63084,1
09:40:43,15.01,6,9006,-1
09:40:37,15.02,25,37550,1
09:40:34,15.02,64,96128,1
09:40:28,15.02,11,16522,1
09:40:25,15.01,10,15010,-1
09:40:19,15.01,4,6004,-1
09:40:13,15.02,1,1502,1
09:40:10,15.02,5,7510,0
09:40:07,15.01,30,45030,-1
09:40:01,15.02,7,10514,1
09:39:52,15.02,20,30040,1
09:39:49,15.02,44,66088,-1
09:39:46,15.03,263,395289,1
09:39:43,15.03,2,3006,1
09:39:40,15.03,22,33066,1
09:39:37,15.03,6,9018,1
09:39:34,15.02,8,12016,-1
09:39:31,15.03,14,21042,1
09:39:28,15.03,3,4509,1
09:39:25,15.03,14,21042,1
09:39:22,15.03,2,3006,1
09:39:19,15.03,1,1503,1
09:39:16,15.03,2,3006,1
09:39:13,15.02,0,0,0
09:39:10,15.02,1,1502,1
09:39:07,15.02,3,4506,1
09:39:04,15.02,43,64586,1
09:39:01,15.02,18,27036,1
09:38:58,15.02,18,27036,1
09:38:55,15.02,2,3004,1
09:38:52,15.02,71,106642,1
09:38:43,15.02,14,21028,-1
09:38:37,15.02,4,6008,-1
09:38:34,15.02,4,6008,1
09:38:25,15.02,20,30040,1
09:38:19,15.01,9,13509,-1
09:38:16,15.02,15,22530,1
09:38:13,15.02,31,46562,-1
09:38:10,15.02,19,28538,1
09:38:07,15.01,6,9006,-1
09:38:04,15.02,1,1502,1
09:37:58,15.02,3,4506,1
09:37:55,15.02,12,18024,1
09:37:52,15.02,7,10514,1
09:37:49,15.01,3,4503,-1
09:37:46,15.03,45,67635,1
09:37:37,15.01,107,160607,-1
09:37:34,15.03,37,55611,1
09:37:28,15.03,1,1503,-1
09:37:22,15.03,142,213426,1
09:37:19,15.01,101,151601,1
09:37:16,15.01,13,19513,-1
09:37:13,15.01,13,19513,-1
09:37:10,15.02,2,3004,1
09:37:07,15.01,61,91561,-1
09:37:04,15.01,245,367745,-1
09:37:01,15.02,18,27036,1
09:36:52,15.02,42,63084,-1
09:36:49,15.02,242,363484,1
09:36:46,15.01,1,1501,-1
09:36:43,15.02,14,21028,1
09:36:40,15.02,42,63084,1
09:36:37,15.02,18,27036,0
09:36:34,15.01,317,475817,-1
09:36:28,15.02,7,10514,1
09:36:25,15.02,29,43558,1
09:36:22,15.02,9,13518,-1
09:36:16,15.03,260,390780,0
09:36:13,15.02,30,45060,-1
09:36:10,15.04,0,0,1
09:36:07,15.04,205,308320,1
09:36:04,15.04,5,7520,1
09:35:58,15.03,111,166833,-1
09:35:55,15.05,13,19565,1
09:35:52,15.04,6,9024,-1
09:35:46,15.05,3,4515,1
09:35:43,15.05,1,1505,1
09:35:40,15.05,10,15050,-1
09:35:37,15.05,10,15050,-1
09:35:34,15.05,50,75250,-1
09:35:31,15.05,87,130935,-1
09:35:28,15.05,34,51170,-1
09:35:22,15.05,20,30100,-1
09:35:18,15.05,30,45150,-1
09:35:13,15.05,52,78260,-1
09:35:04,15.06,14,21084,-1
09:35:01,15.06,17,25602,-1
09:34:57,15.07,232,349624,-1
09:34:51,15.07,25,37675,-1
09:34:48,15.08,28,42224,1
09:34:42,15.07,2,3014,-1
09:34:33,15.08,73,110084,-1
09:34:27,15.08,69,104052,-1
09:34:24,15.08,10,15080,-1
09:34:18,15.08,10,15080,-1
09:34:15,15.08,11,16588,-1
09:34:12,15.09,1,1509,1
09:34:09,15.08,2,3016,-1
09:34:03,15.08,7,10556,-1
09:34:00,15.09,5,7545,1
09:33:57,15.08,8,12064,-1
09:33:48,15.08,28,42224,-1
09:33:36,15.09,27,40743,-1
09:33:33,15.09,2,3018,-1
09:33:30,15.1,35,52850,1
09:33:24,15.1,34,51340,1
09:33:18,15.09,10,15090,-1
09:33:15,15.1,30,45300,1
09:33:06,15.1,4,6040,1
09:33:03,15.1,71,107210,-1
09:32:57,15.1,40,60400,-1
09:32:51,15.1,0,0,-1
09:32:48,15.1,56,84560,-1
09:32:45,15.13,1,1513,1
09:32:36,15.1,1,1510,-1
09:32:33,15.13,1,1513,1
09:32:21,15.1,0,0,-1
09:32:15,15.1,3,4530,-1
09:32:09,15.1,2,3020,-1
09:32:06,15.1,2,3020,1
09:31:57,15.1,10,15100,1
09:31:54,15.1,14,21140,1
09:31:45,15.08,5,7540,-1
09:31:24,15.08,63,95004,1
09:31:21,15.07,15,22605,-1
09:31:18,15.08,62,93496,1
09:31:15,15.08,100,150800,1
09:31:09,15.07,26,39182,-1
09:31:06,15.08,20,30160,1
09:31:03,15.08,1,1508,1
09:31:00,15.08,71,107068,1
09:30:57,15.08,8,12064,1
09:30:51,15.08,7,10556,1
09:30:45,15.07,2,3014,-1
09:30:12,15.08,3,4524,1
09:30:06,15.07,75,113025,0
09:30:03,15.08,10,15080,1
09:29:03,15.06,0,0,-1
09:25:03,15.06,452,680712,1
