timestamp,price,volume,turnover,direction
15:00:00,15.3,0,0,1
15:00:00,15.3,0,0,1
14:59:54,15.3,120,183600,1
14:59:51,15.29,7,10703,-1
14:59:48,15.3,145,221850,1
14:59:45,15.29,7,10703,-1
14:59:39,15.29,9,13761,-1
14:59:36,15.3,10,15300,1
14:59:33,15.29,20,30580,-1
14:59:30,15.3,65,99450,1
14:59:27,15.3,93,142290,1
14:59:24,15.3,23,35190,1
14:59:21,15.29,6,9174,-1
14:59:18,15.29,688,1051952,-1
14:59:12,15.29,9,13761,1
14:59:06,15.29,16,24464,1
14:59:03,15.29,8,12232,1
14:59:00,15.29,14,21406,1
14:58:57,15.29,115,175835,-1
14:58:54,15.29,27,41283,-1
14:58:48,15.29,20,30580,-1
14:58:45,15.3,14,21420,1
14:58:42,15.3,9,13770,1
14:58:39,15.3,3,4590,1
14:58:36,15.29,20,30580,-1
14:58:33,15.3,1,1530,1
14:58:30,15.3,23,35190,1
14:58:27,15.3,30,45900,1
14:58:24,15.29,103,157487,-1
14:58:21,15.3,48,73440,1
14:58:18,15.29,10,15290,-1
14:58:12,15.29,22,33638,-1
14:58:09,15.29,27,41283,-1
14:58:06,15.3,5,7650,1
14:58:03,15.29,8,12232,1
14:58:00,15.28,0,0,-1
14:57:57,15.28,9,13752,-1
14:57:54,15.3,31,47430,1
14:57:42,15.3,1,1530,1
14:57:36,15.3,2,3060,1
14:57:33,15.3,153,234090,-1
14:57:27,15.31,12,18372,1
14:57:23,15.31,8,12248,1
14:57:20,15.3,25,38250,-1
14:57:17,15.3,10,15300,-1
14:57:14,15.3,43,65790,-1
14:57:12,15.3,50,76500,-1
14:57:08,15.3,600,918000,1
14:57:03,15.28,300,458400,-1
14:57:00,15.3,63,96390,1
14:56:56,15.29,40,61160,-1
14:56:44,15.29,11,16819,-1
14:56:41,15.3,57,87210,1
14:56:35,15.3,1,1530,1
14:56:26,15.3,29,44370,1
14:56:23,15.3,43,65790,1
14:56:20,15.29,8,12232,-1
14:56:17,15.3,86,131580,-1
14:56:14,15.3,63,96390,-1
14:56:11,15.31,2,3062,1
14:56:08,15.3,25,38250,-1
14:56:05,15.3,5,7650,-1
14:56:02,15.3,141,215730,1
14:55:59,15.3,10,15300,1
14:55:56,15.3,38,58140,1
14:55:53,15.3,28,42840,1
14:55:50,15.3,3,4590,1
14:55:47,15.3,21,32130,1
14:55:44,15.3,16,24480,1
14:55:41,15.3,31,47430,1
14:55:38,15.3,32,48960,1
14:55:32,15.3,71,108630,1
14:55:29,15.29,47,71863,-1
14:55:26,15.3,6,9180,1
14:55:23,15.3,3,4590,1
14:55:20,15.29,61,93269,-1
14:55:17,15.3,87,133110,-1
14:55:14,15.3,30,45900,-1
14:55:11,15.31,65,99515,1
14:55:08,15.31,12,18372,1
14:55:05,15.31,4,6124,1
14:55:02,15.31,27,41337,1
14:54:59,15.31,2,3062,1
14:54:56,15.31,1,1531,1
14:54:53,15.31,61,93391,1
14:54:50,15.31,29,44399,1
14:54:47,15.31,2,3062,1
14:54:44,15.3,5,7650,-1
14:54:41,15.31,1,1531,1
14:54:35,15.31,1,1531,1
14:54:29,15.31,0,0,1
14:54:26,15.31,125,191375,1
14:54:23,15.3,43,65790,1
14:54:20,15.3,20,30600,1
14:54:16,15.3,41,62730,1
14:54:11,15.3,22,33660,1
14:54:08,15.3,105,160650,1
14:54:05,15.3,2,3060,1
14:54:01,15.3,116,177480,1
14:53:59,15.3,3,4590,1
14:53:55,15.3,6,9180,1
14:53:52,15.29,30,45870,-1
14:53:49,15.3,1,1530,1
14:53:46,15.3,257,393210,1
14:53:43,15.3,1,1530,1
14:53:40,15.29,1,1529,-1
14:53:37,15.3,3,4590,1
14:53:34,15.3,75,114750,1
14:53:22,15.3,12,18360,1
14:53:16,15.3,11,16830,1
14:53:10,15.29,25,38225,-1
14:53:07,15.3,5,7650,1
14:53:01,15.3,3,4590,1
14:52:58,15.3,6,9180,1
14:52:55,15.3,8,12240,1
14:52:49,15.3,106,162180,1
14:52:46,15.3,1,1530,1
14:52:43,15.29,20,30580,-1
14:52:40,15.3,10,15300,1
14:52:37,15.29,10,15290,-1
14:52:34,15.3,8,12240,1
14:52:28,15.3,8,12240,1
14:52:25,15.29,24,36696,-1
14:52:22,15.29,13,19877,-1
14:52:19,15.29,10,15290,-1
14:52:16,15.3,41,62730,1
14:52:13,15.29,17,25993,-1
14:52:10,15.3,1,1530,1
14:52:04,15.3,105,160650,1
14:52:01,15.29,6,9174,-1
14:51:58,15.29,27,41283,-1
14:51:55,15.3,55,84150,1
14:51:46,15.29,11,16819,-1
14:51:43,15.3,20,30600,1
14:51:37,15.3,9,13770,1
14:51:34,15.3,385,589050,1
14:51:31,15.29,55,84095,-1
14:51:28,15.29,10,15290,-1
14:51:22,15.3,9,13770,1
14:51:19,15.3,1,1530,1
14:51:16,15.3,1,1530,1
14:51:13,15.3,106,162180,1
14:51:10,15.3,5,7650,1
14:51:07,15.3,1,1530,1
14:50:58,15.29,8,12232,-1
14:50:52,15.3,79,120870,1
14:50:49,15.29,56,85624,-1
14:50:46,15.3,4,6120,1
14:50:40,15.3,9,13770,1
14:50:37,15.3,9,13770,1
14:50:34,15.3,101,154530,1
14:50:28,15.3,6,9180,1
14:50:25,15.3,8,12240,1
14:50:19,15.3,1,1530,1
14:50:16,15.3,3,4590,1
14:50:13,15.3,42,64260,-1
14:50:10,15.31,44,67364,1
14:50:07,15.3,2,3060,-1
14:50:04,15.3,80,122400,1
14:49:58,15.3,20,30600,1
14:49:55,15.3,6,9180,1
14:49:52,15.3,26,39780,1
14:49:46,15.3,5,7650,1
14:49:34,15.29,3,4587,-1
14:49:28,15.3,3,4590,1
14:49:25,15.3,97,148410,1
14:49:16,15.3,1,1530,1
14:49:10,15.3,88,134640,-1
14:49:07,15.3,33,50490,1
14:49:04,15.3,10,15300,1
14:49:01,15.3,1,1530,1
14:48:58,15.3,73,111690,-1
14:48:49,15.3,179,273870,1
14:48:46,15.3,5,7650,1
14:48:43,15.3,12,18360,1
14:48:40,15.3,41,62730,1
14:48:37,15.3,5,7650,1
14:48:31,15.3,90,137700,1
14:48:28,15.3,6,9180,1
14:48:25,15.29,2,3058,-1
14:48:22,15.3,17,26010,1
14:48:19,15.3,1,1530,1
14:48:16,15.29,14,21406,-1
14:48:10,15.29,3,4587,-1
14:48:04,15.29,13,19877,1
14:48:01,15.29,3,4587,-1
14:47:49,15.29,2,3058,-1
14:47:43,15.29,2,3058,-1
14:47:34,15.3,0,0,1
14:47:31,15.3,261,399330,1
14:47:28,15.29,1,1529,1
14:47:25,15.28,55,84040,-1
14:47:22,15.29,1,1529,1
14:47:19,15.29,120,183480,1
14:47:10,15.27,0,0,-1
14:47:07,15.27,6,9162,-1
14:47:04,15.29,0,0,1
14:46:58,15.29,122,186538,1
14:46:54,15.28,13,19864,1
14:46:48,15.28,13,19864,-1
14:46:39,15.28,61,93208,-1
14:46:36,15.29,2,3058,1
14:46:33,15.29,1,1529,1
14:46:30,15.28,20,30560,-1
14:46:27,15.29,1,1529,1
14:46:15,15.29,1,1529,1
14:46:12,15.29,4,6116,1
14:46:09,15.29,1,1529,1
14:45:57,15.29,11,16819,1
14:45:51,15.28,20,30560,-1
14:45:45,15.29,4,6116,1
14:45:42,15.29,1,1529,1
14:45:36,15.29,4,6116,1
14:45:33,15.29,10,15290,1
14:45:27,15.29,1,1529,1
14:45:24,15.29,5,7645,1
14:45:18,15.29,1,1529,1
14:45:15,15.29,37,56573,-1
14:45:06,15.29,5,7645,-1
14:44:51,15.29,9,13761,1
14:44:48,15.28,4,6112,-1
14:44:42,15.29,1,1529,1
14:44:36,15.29,2,3058,1
14:44:30,15.29,6,9174,1
14:44:27,15.29,16,24464,1
14:44:15,15.28,16,24448,1
14:44:12,15.27,57,87039,-1
14:44:09,15.28,97,148216,1
14:44:03,15.27,1,1527,-1
14:44:00,15.27,2,3054,-1
14:43:57,15.27,4,6108,-1
14:43:48,15.27,2,3054,-1
14:43:45,15.28,12,18336,1
14:43:36,15.27,47,71769,-1
14:43:33,15.28,0,0,1
14:43:27,15.28,11,16808,1
14:43:24,15.27,18,27486,-1
14:43:12,15.27,258,393966,-1
14:43:06,15.27,28,42756,-1
14:43:00,15.27,25,38175,-1
14:42:51,15.27,1,1527,-1
14:42:45,15.28,5,7640,1
14:42:39,15.27,16,24432,-1
14:42:36,15.28,1,1528,1
14:42:33,15.27,1,1527,-1
14:42:21,15.27,14,21378,-1
14:42:18,15.28,1,1528,1
14:42:09,15.28,11,16808,1
14:42:03,15.28,20,30560,1
14:41:57,15.28,1,1528,1
14:41:51,15.27,34,51918,-1
14:41:42,15.27,8,12216,-1
14:41:36,15.28,7,10696,1
14:41:30,15.28,2,3056,1
14:41:24,15.28,1,1528,1
14:41:21,15.27,10,15270,-1
14:41:18,15.28,2,3056,1
14:41:15,15.28,11,16808,1
14:41:09,15.27,5,7635,-1
14:41:06,15.28,10,15280,1
14:41:03,15.28,4,6112,1
14:41:00,15.28,2,3056,1
14:40:57,15.28,1,1528,1
14:40:54,15.27,20,30540,-1
14:40:48,15.28,1,1528,1
14:40:45,15.28,1,1528,1
14:40:42,15.27,20,30540,-1
14:40:39,15.28,2,3056,1
14:40:33,15.28,15,22920,1
14:40:27,15.28,1,1528,1
14:40:20,15.27,29,44283,-1
14:40:18,15.28,1,1528,1
14:40:15,15.28,1,1528,1
14:40:12,15.27,45,68715,-1
14:40:08,15.28,40,61120,1
14:40:06,15.28,46,70288,1
14:40:03,15.27,32,48864,-1
14:40:00,15.27,16,24432,-1
14:39:57,15.27,3,4581,-1
14:39:48,15.28,2,3056,1
14:39:45,15.28,8,12224,1
14:39:41,15.27,2,3054,-1
14:39:39,15.28,6,9168,1
14:39:35,15.28,1,1528,1
14:39:30,15.28,12,18336,1
14:39:27,15.28,1,1528,1
14:39:18,15.28,1,1528,1
14:39:14,15.28,1,1528,1
14:39:08,15.28,0,0,0
14:39:05,15.28,2,3056,1
14:38:59,15.28,49,74872,-1
14:38:56,15.29,12,18348,1
14:38:50,15.28,30,45840,-1
14:38:48,15.29,106,162074,1
14:38:44,15.29,4,6116,1
14:38:41,15.28,1,1528,-1
14:38:38,15.29,1,1529,1
14:38:35,15.28,15,22920,-1
14:38:26,15.29,3,4587,1
14:38:20,15.29,1,1529,1
14:38:17,15.29,1,1529,1
14:38:08,15.29,8,12232,-1
14:38:05,15.3,15,22950,1
14:37:56,15.3,1,1530,1
14:37:50,15.29,3,4587,-1
14:37:44,15.3,6,9180,1
14:37:41,15.3,43,65790,1
14:37:38,15.3,0,0,1
14:37:35,15.3,1,1530,1
14:37:32,15.3,19,29070,1
14:37:26,15.3,1,1530,1
14:37:20,15.3,12,18360,1
14:37:17,15.3,24,36720,1
14:37:14,15.29,3,4587,-1
14:37:05,15.3,5,7650,1
14:37:02,15.3,51,78030,1
14:36:53,15.3,1,1530,1
14:36:47,15.3,1,1530,1
14:36:44,15.3,1,1530,1
14:36:38,15.3,5,7650,1
14:36:35,15.3,1,1530,1
14:36:32,15.3,1,1530,1
14:36:26,15.3,3,4590,1
14:36:23,15.3,1,1530,1
14:36:17,15.3,1,1530,1
14:36:05,15.3,1,1530,1
14:35:52,15.3,7,10710,1
14:35:49,15.29,30,45870,-1
14:35:46,15.3,1,1530,1
14:35:44,15.3,11,16830,1
14:35:37,15.3,10,15300,1
14:35:31,15.3,6,9180,1
14:35:29,15.29,53,81037,1
14:35:26,15.29,30,45870,-1
14:35:22,15.3,1,1530,1
14:35:16,15.3,1,1530,1
14:35:13,15.3,111,169830,1
14:35:01,15.3,1,1530,1
14:34:55,15.3,5,7650,1
14:34:52,15.3,1,1530,1
14:34:46,15.3,11,16830,1
14:34:40,15.3,16,24480,-1
14:34:34,15.3,94,143820,-1
14:34:31,15.31,1,1531,-1
14:34:28,15.32,1,1532,1
14:34:16,15.32,1,1532,1
14:34:07,15.31,11,16841,1
14:33:58,15.3,0,0,0
14:33:52,15.3,1,1530,1
14:33:46,15.3,10,15300,1
14:33:43,15.3,1,1530,1
14:33:40,15.3,0,0,0
14:33:37,15.3,4,6120,-1
14:33:34,15.3,21,32130,1
14:33:31,15.3,6,9180,1
14:33:25,15.3,33,50490,-1
14:33:22,15.3,18,27540,-1
14:33:19,15.3,11,16830,-1
14:33:16,15.32,45,68940,1
14:33:13,15.3,35,53550,-1
14:33:10,15.3,97,148410,-1
14:33:07,15.3,10,15300,-1
14:33:04,15.32,70,107240,1
14:33:01,15.3,10,15300,-1
14:32:55,15.32,28,42896,1
14:32:52,15.32,10,15320,1
14:32:49,15.32,0,0,1
14:32:46,15.32,1,1532,1
14:32:43,15.32,1,1532,1
14:32:40,15.3,19,29070,-1
14:32:37,15.32,0,0,1
14:32:34,15.32,39,59748,1
14:32:31,15.32,12,18384,1
14:32:28,15.32,57,87324,1
14:32:25,15.31,1,1531,-1
14:32:22,15.32,3,4596,1
14:32:19,15.31,1,1531,-1
14:32:16,15.33,21,32193,1
14:32:10,15.32,35,53620,-1
14:32:04,15.32,93,142476,1
14:32:01,15.31,10,15310,-1
14:31:58,15.32,37,56684,-1
14:31:55,15.32,31,47492,-1
14:31:49,15.32,46,70472,1
14:31:46,15.32,1,1532,1
14:31:40,15.3,3,4590,-1
14:31:37,15.3,20,30600,-1
14:31:34,15.3,21,32130,-1
14:31:31,15.3,10,15300,-1
14:31:28,15.3,28,42840,-1
14:31:25,15.31,20,30620,1
14:31:22,15.31,42,64302,1
14:31:16,15.31,78,119418,1
14:31:10,15.3,52,79560,1
14:31:01,15.3,28,42840,-1
14:30:55,15.3,194,296820,1
14:30:49,15.3,25,38250,1
14:30:43,15.29,5,7645,-1
14:30:40,15.29,6,9174,-1
14:30:34,15.3,5,7650,1
14:30:31,15.3,2,3060,1
14:30:28,15.3,57,87210,1
14:30:25,15.3,1,1530,1
14:30:22,15.29,15,22935,-1
14:30:19,15.3,1,1530,1
14:30:16,15.29,33,50457,-1
14:30:13,15.29,9,13761,-1
14:30:07,15.29,20,30580,-1
14:29:55,15.3,1,1530,1
14:29:52,15.3,2,3060,1
14:29:49,15.29,9,13761,-1
14:29:46,15.3,1,1530,1
14:29:43,15.29,10,15290,-1
14:29:37,15.3,17,26010,1
14:29:25,15.3,4,6120,1
14:29:22,15.3,12,18360,1
14:29:19,15.3,1,1530,1
14:29:16,15.3,1,1530,1
14:29:13,15.29,6,9174,-1
14:29:10,15.3,7,10710,1
14:29:07,15.3,2,3060,1
14:29:04,15.3,10,15300,1
14:28:55,15.3,1,1530,1
14:28:52,15.3,2,3060,1
14:28:48,15.3,16,24480,1
14:28:43,15.3,16,24480,1
14:28:34,15.3,1,1530,1
14:28:28,15.3,9,13770,1
14:28:24,15.3,2,3060,1
14:28:21,15.3,5,7650,1
14:28:18,15.3,1,1530,1
14:28:15,15.29,11,16819,-1
14:28:12,15.3,1,1530,1
14:27:55,15.3,1,1530,1
14:27:48,15.3,10,15300,1
14:27:44,15.3,112,171360,1
14:27:42,15.29,350,535150,-1
14:27:39,15.29,24,36696,-1
14:27:33,15.3,21,32130,1
14:27:29,15.3,16,24480,1
14:27:27,15.29,1,1529,-1
14:27:23,15.3,1,1530,1
14:27:21,15.3,4,6120,1
14:27:18,15.3,1,1530,1
14:27:11,15.3,27,41310,1
14:27:03,15.3,27,41310,1
14:26:57,15.3,11,16830,1
14:26:54,15.3,1,1530,1
14:26:48,15.3,1,1530,1
14:26:42,15.3,1,1530,1
14:26:39,15.3,6,9180,1
14:26:33,15.3,5,7650,1
14:26:24,15.3,82,125460,-1
14:26:18,15.31,1,1531,1
14:26:15,15.3,11,16830,-1
14:26:11,15.31,1,1531,1
14:26:08,15.31,11,16841,1
14:26:06,15.3,20,30600,-1
14:26:03,15.3,56,85680,-1
14:25:57,15.3,11,16830,-1
14:25:54,15.3,46,70380,1
14:25:48,15.3,41,62730,1
14:25:42,15.3,1,1530,1
14:25:36,15.3,1,1530,1
14:25:32,15.3,1,1530,0
14:25:29,15.31,127,194437,1
14:25:23,15.31,78,119418,1
14:25:20,15.3,12,18360,-1
14:25:18,15.31,8,12248,1
14:25:11,15.31,56,85736,1
14:25:06,15.31,3,4593,1
14:25:02,15.3,1,1530,-1
14:25:00,15.3,2,3060,-1
14:24:54,15.3,1,1530,-1
14:24:48,15.31,1,1531,1
14:24:45,15.3,24,36720,-1
14:24:41,15.31,1,1531,1
14:24:35,15.3,46,70380,-1
14:24:32,15.31,12,18372,1
14:24:27,15.31,24,36744,1
14:24:23,15.31,1,1531,1
14:24:18,15.31,1,1531,1
14:24:11,15.31,1,1531,1
14:24:09,15.3,11,16830,-1
14:24:06,15.3,2,3060,-1
14:24:03,15.31,1,1531,1
14:24:00,15.3,92,140760,-1
14:23:54,15.31,46,70426,-1
14:23:51,15.31,13,19903,-1
14:23:47,15.32,4,6128,1
14:23:39,15.31,14,21434,1
14:23:36,15.31,10,15310,1
14:23:32,15.31,1,1531,1
14:23:30,15.31,1,1531,1
14:23:27,15.3,1,1530,-1
14:23:24,15.31,1,1531,1
14:23:17,15.31,2,3062,1
14:23:12,15.3,4,6120,-1
14:23:09,15.31,3,4593,1
14:23:03,15.31,6,9186,-1
14:22:59,15.31,8,12248,-1
14:22:57,15.32,11,16852,1
14:22:54,15.32,1,1532,1
14:22:48,15.32,1,1532,1
14:22:42,15.32,14,21448,-1
14:22:32,15.33,41,62853,1
14:22:30,15.33,8,12264,1
14:22:26,15.3,312,477360,-1
14:22:24,15.33,1,1533,1
14:22:18,15.33,1,1533,1
14:22:15,15.31,217,332227,-1
14:22:08,15.33,66,101178,1
14:22:05,15.33,69,105777,-1
14:22:03,15.35,37,56795,1
14:22:00,15.35,1,1535,1
14:21:53,15.35,1,1535,1
14:21:50,15.35,83,127405,1
14:21:47,15.34,1,1534,1
14:21:45,15.34,6,9204,1
14:21:39,15.33,3,4599,-1
14:21:33,15.33,15,22995,-1
14:21:23,15.34,1,1534,1
14:21:20,15.34,11,16874,1
14:21:17,15.34,1,1534,1
14:21:12,15.33,46,70518,1
14:21:05,15.33,12,18396,-1
14:21:02,15.33,5,7665,1
14:21:00,15.33,5,7665,-1
14:20:53,15.34,1,1534,1
14:20:50,15.34,2,3068,1
14:20:47,15.34,1,1534,1
14:20:41,15.34,11,16874,1
14:20:32,15.34,1,1534,1
14:20:23,15.34,2,3068,1
14:20:20,15.34,109,167206,1
14:20:17,15.34,3,4602,1
14:20:11,15.34,1,1534,1
14:20:02,15.33,32,49056,-1
14:19:56,15.33,15,22995,-1
14:19:53,15.34,1,1534,1
14:19:47,15.34,1,1534,1
14:19:44,15.34,23,35282,1
14:19:41,15.34,1,1534,1
14:19:38,15.33,5,7665,-1
14:19:32,15.33,3,4599,-1
14:19:26,15.33,25,38325,1
14:19:20,15.33,1,1533,1
14:19:17,15.33,1,1533,1
14:19:11,15.33,1,1533,1
14:19:05,15.33,2,3066,1
14:19:02,15.33,24,36792,1
14:18:56,15.33,76,116508,1
14:18:47,15.33,1,1533,1
14:18:44,15.32,19,29108,-1
14:18:41,15.33,1,1533,1
14:18:38,15.33,20,30660,1
14:18:35,15.33,7,10731,1
14:18:32,15.33,2,3066,1
14:18:29,15.33,5,7665,1
14:18:17,15.33,51,78183,1
14:18:14,15.33,19,29127,1
14:18:11,15.33,28,42924,1
14:18:08,15.32,42,64344,1
14:18:02,15.32,6,9192,1
14:17:56,15.32,6,9192,-1
14:17:50,15.32,19,29108,-1
14:17:47,15.33,18,27594,1
14:17:41,15.33,1,1533,1
14:17:35,15.32,16,24512,-1
14:17:32,15.32,17,26044,-1
14:17:29,15.32,4,6128,-1
14:17:23,15.33,63,96579,1
14:17:19,15.32,8,12256,-1
14:17:17,15.32,11,16852,-1
14:17:11,15.33,3,4599,1
14:17:07,15.32,2,3064,-1
14:17:05,15.32,1,1532,-1
14:16:59,15.32,5,7660,-1
14:16:52,15.32,33,50556,-1
14:16:49,15.33,3,4599,1
14:16:46,15.33,1,1533,1
14:16:43,15.32,196,300272,1
14:16:40,15.32,11,16852,1
14:16:37,15.31,20,30620,-1
14:16:31,15.32,13,19916,1
14:16:28,15.32,67,102644,1
14:16:19,15.32,10,15320,1
14:16:16,15.32,1,1532,1
14:16:13,15.32,1,1532,1
14:16:10,15.32,1,1532,1
14:16:07,15.31,5,7655,-1
14:15:58,15.32,3,4596,1
14:15:46,15.31,25,38275,-1
14:15:40,15.32,1,1532,1
14:15:37,15.31,43,65833,-1
14:15:34,15.32,20,30640,1
14:15:28,15.32,1,1532,1
14:15:25,15.31,4,6124,-1
14:15:19,15.32,3,4596,1
14:15:16,15.32,1,1532,1
14:15:13,15.32,5,7660,1
14:15:07,15.31,2,3062,-1
14:15:04,15.32,98,150136,-1
14:15:01,15.32,11,16852,-1
14:14:58,15.33,27,41391,1
14:14:55,15.33,11,16863,1
14:14:52,15.33,2,3066,1
14:14:49,15.32,38,58216,-1
14:14:46,15.33,1,1533,1
14:14:40,15.33,1,1533,1
14:14:34,15.33,4,6132,1
14:14:31,15.32,12,18384,-1
14:14:28,15.33,28,42924,1
14:14:19,15.32,25,38300,-1
14:14:16,15.33,1,1533,1
14:14:13,15.32,3,4596,0
14:14:07,15.32,1,1532,1
14:14:04,15.32,25,38300,1
14:13:58,15.32,1,1532,1
14:13:49,15.32,1,1532,-1
14:13:46,15.33,1,1533,1
14:13:43,15.33,8,12264,1
14:13:37,15.33,5,7665,1
14:13:34,15.32,8,12256,-1
14:13:28,15.33,1,1533,1
14:13:22,15.33,0,0,1
14:13:19,15.33,11,16863,1
14:13:16,15.32,1,1532,1
14:13:13,15.32,9,13788,-1
14:13:10,15.33,3,4599,1
14:13:01,15.32,2,3064,-1
14:12:58,15.32,121,185372,-1
14:12:55,15.33,30,45990,1
14:12:49,15.33,1,1533,1
14:12:46,15.33,2,3066,1
14:12:43,15.33,13,19929,1
14:12:40,15.32,5,7660,-1
14:12:34,15.32,30,45960,-1
14:12:28,15.33,11,16863,1
14:12:25,15.33,1,1533,1
14:12:19,15.33,1,1533,1
14:12:13,15.33,1,1533,1
14:12:10,15.32,4,6128,-1
14:11:58,15.33,1,1533,0
14:11:55,15.32,130,199160,-1
14:11:52,15.34,8,12272,1
14:11:49,15.34,1,1534,1
14:11:46,15.34,11,16874,1
14:11:43,15.33,6,9198,-1
14:11:37,15.33,5,7665,-1
14:11:22,15.34,1,1534,1
14:11:19,15.34,1,1534,1
14:11:16,15.32,13,19916,-1
14:11:13,15.34,48,73632,1
14:11:10,15.33,5,7665,-1
14:11:07,15.33,3,4599,1
14:11:04,15.32,64,98048,-1
14:11:01,15.34,1,1534,1
14:10:58,15.33,1,1533,-1
14:10:52,15.34,1,1534,1
14:10:49,15.33,1,1533,1
14:10:45,15.33,19,29127,-1
14:10:43,15.33,2,3066,-1
14:10:40,15.34,10,15340,1
14:10:34,15.34,0,0,1
14:10:25,15.34,1,1534,1
14:10:19,15.34,79,121186,1
14:10:15,15.33,100,153300,-1
14:10:10,15.34,11,16874,1
14:10:00,15.34,1,1534,1
14:09:58,15.34,9,13806,1
14:09:55,15.34,53,81302,-1
14:09:51,15.34,21,32214,-1
14:09:48,15.34,10,15340,-1
14:09:45,15.34,10,15340,-1
14:09:42,15.35,1,1535,1
14:09:30,15.34,4,6136,1
14:09:27,15.33,10,15330,-1
14:09:24,15.34,14,21476,-1
14:09:21,15.34,19,29146,1
14:09:18,15.34,2,3068,1
14:09:12,15.34,10,15340,1
14:09:07,15.34,1,1534,-1
14:09:03,15.35,4,6140,1
14:09:00,15.33,114,174762,-1
14:08:57,15.34,3,4602,1
14:08:54,15.34,13,19942,1
14:08:51,15.34,1,1534,1
14:08:48,15.34,7,10738,-1
14:08:42,15.34,10,15340,-1
14:08:39,15.35,1,1535,1
14:08:36,15.35,6,9210,1
14:08:33,15.35,12,18420,1
14:08:30,15.34,28,42952,-1
14:08:23,15.34,25,38350,-1
14:08:21,15.35,1,1535,1
14:08:17,15.35,1,1535,1
14:08:08,15.35,2,3070,1
14:08:02,15.34,11,16874,-1
14:07:50,15.34,11,16874,-1
14:07:48,15.34,6,9204,-1
14:07:41,15.34,6,9204,-1
14:07:39,15.34,18,27612,-1
14:07:35,15.34,4,6136,-1
14:07:32,15.34,16,24544,-1
14:07:24,15.34,13,19942,-1
14:07:20,15.34,16,24544,-1
14:07:17,15.35,1,1535,1
14:07:11,15.34,20,30680,-1
14:07:09,15.35,1,1535,1
14:07:02,15.35,1,1535,1
14:06:56,15.36,11,16896,1
14:06:53,15.35,108,165780,-1
14:06:50,15.36,3,4608,1
14:06:47,15.36,7,10752,1
14:06:41,15.35,21,32235,-1
14:06:32,15.36,16,24576,1
14:06:26,15.36,8,12288,1
14:06:23,15.36,350,537600,-1
14:06:20,15.37,2,3074,-1
14:06:17,15.38,2,3076,1
14:06:14,15.37,20,30740,-1
14:06:08,15.38,27,41526,1
14:06:02,15.37,20,30740,-1
14:05:59,15.38,1,1538,1
14:05:56,15.38,20,30760,1
14:05:50,15.38,1,1538,1
14:05:47,15.38,1,1538,1
14:05:38,15.38,4,6152,1
14:05:32,15.37,83,127571,-1
14:05:29,15.38,9,13842,-1
14:05:26,15.37,15,23055,-1
14:05:23,15.37,25,38425,-1
14:05:20,15.38,45,69210,1
14:05:17,15.37,16,24592,-1
14:05:11,15.37,10,15370,-1
14:05:08,15.38,1,1538,1
14:04:59,15.38,1,1538,1
14:04:56,15.38,51,78438,-1
14:04:53,15.38,16,24608,-1
14:04:50,15.39,30,46170,1
14:04:47,15.39,1,1539,1
14:04:44,15.38,110,169180,-1
14:04:41,15.38,5,7690,-1
14:04:38,15.39,1,1539,1
14:04:29,15.39,1,1539,1
14:04:23,15.39,10,15390,-1
14:04:20,15.4,131,201740,1
14:04:17,15.4,51,78540,1
14:04:14,15.39,12,18468,-1
14:04:11,15.4,1,1540,1
14:04:05,15.39,4,6156,-1
14:03:59,15.4,10,15400,1
14:03:56,15.4,3,4620,1
14:03:53,15.4,167,257180,-1
14:03:47,15.4,13,20020,-1
14:03:44,15.4,35,53900,1
14:03:41,15.4,31,47740,-1
14:03:38,15.4,31,47740,-1
14:03:35,15.4,10,15400,-1
14:03:32,15.4,5,7700,-1
14:03:29,15.41,1,1541,1
14:03:20,15.41,28,43148,-1
14:03:17,15.42,6,9252,1
14:03:14,15.41,51,78591,-1
14:03:11,15.41,2,3082,-1
14:03:08,15.41,60,92460,-1
14:03:02,15.42,4,6168,1
14:02:59,15.42,42,64764,1
14:02:56,15.42,1,1542,1
14:02:53,15.41,10,15410,-1
14:02:50,15.41,12,18492,-1
14:02:47,15.42,26,40092,1
14:02:44,15.41,3,4623,-1
14:02:41,15.42,58,89436,1
14:02:38,15.42,11,16962,1
14:02:35,15.41,10,15410,-1
14:02:32,15.41,6,9246,-1
14:02:29,15.41,67,103247,-1
14:02:26,15.42,25,38550,1
14:02:20,15.42,13,20046,1
14:02:17,15.42,2,3084,1
14:02:14,15.41,16,24656,-1
14:02:11,15.41,15,23115,-1
14:02:05,15.41,25,38525,1
14:02:02,15.41,121,186461,1
14:01:59,15.41,40,61640,1
14:01:56,15.41,33,50853,1
14:01:53,15.41,106,163346,1
14:01:50,15.41,10,15410,1
14:01:47,15.41,32,49312,1
14:01:44,15.4,2,3080,-1
14:01:41,15.41,5,7705,1
14:01:38,15.4,2,3080,-1
14:01:35,15.4,1,1540,-1
14:01:29,15.4,120,184800,1
14:01:26,15.38,2,3076,-1
14:01:23,15.4,87,133980,1
14:01:17,15.4,77,118580,1
14:01:14,15.38,168,258384,-1
14:01:11,15.4,3,4620,1
14:01:08,15.4,301,463540,1
14:01:05,15.39,200,307800,1
14:00:56,15.39,8,12312,1
14:00:53,15.39,40,61560,1
14:00:47,15.39,12,18468,1
14:00:41,15.38,1,1538,-1
14:00:38,15.39,1,1539,1
14:00:26,15.38,401,616738,1
14:00:23,15.37,18,27666,-1
14:00:20,15.37,33,50721,-1
14:00:17,15.38,13,19994,1
14:00:14,15.37,1,1537,-1
14:00:08,15.37,16,24592,-1
14:00:02,15.38,4,6152,1
13:59:56,15.38,1,1538,1
13:59:53,15.38,1,1538,1
13:59:47,15.38,2,3076,1
13:59:32,15.38,5,7690,1
13:59:29,15.37,5,7685,-1
13:59:26,15.37,5,7685,-1
13:59:20,15.38,10,15380,1
13:59:17,15.38,1,1538,1
13:59:11,15.37,11,16907,-1
13:59:08,15.38,1,1538,1
13:59:05,15.37,3,4611,-1
13:58:59,15.38,1,1538,1
13:58:56,15.38,11,16918,1
13:58:47,15.38,1,1538,1
13:58:44,15.37,6,9222,-1
13:58:38,15.37,8,12296,-1
13:58:29,15.37,11,16907,-1
13:58:26,15.38,10,15380,1
13:58:23,15.37,5,7685,-1
13:58:20,15.37,5,7685,-1
13:58:17,15.38,1,1538,1
13:58:14,15.37,2,3074,-1
13:58:11,15.37,3,4611,-1
13:58:08,15.38,9,13842,1
13:58:05,15.37,2,3074,-1
13:57:56,15.38,1,1538,1
13:57:47,15.38,16,24608,1
13:57:35,15.38,1,1538,1
13:57:32,15.38,1,1538,1
13:57:26,15.38,0,0,0
13:57:22,15.38,1,1538,-1
13:57:19,15.38,9,13842,1
13:57:17,15.38,2,3076,1
13:57:13,15.38,4,6152,1
13:57:07,15.38,29,44602,-1
13:57:04,15.38,50,76900,-1
13:57:01,15.38,2,3076,-1
13:56:58,15.39,3,4617,1
13:56:46,15.39,12,18468,1
13:56:40,15.39,19,29241,1
13:56:37,15.39,1,1539,1
13:56:34,15.39,22,33858,1
13:56:31,15.39,30,46170,1
13:56:25,15.39,8,12312,1
13:56:22,15.39,16,24624,1
13:56:19,15.39,10,15390,1
13:56:16,15.39,1,1539,1
13:56:13,15.39,10,15390,1
13:56:07,15.38,3,4614,-1
13:56:04,15.39,102,156978,1
13:56:01,15.39,25,38475,1
13:55:55,15.39,11,16929,1
13:55:52,15.39,1,1539,1
13:55:49,15.39,10,15390,1
13:55:46,15.39,1,1539,1
13:55:43,15.39,11,16929,1
13:55:40,15.39,1,1539,1
13:55:37,15.39,50,76950,1
13:55:31,15.39,44,67716,1
13:55:25,15.38,10,15380,-1
13:55:22,15.39,150,230850,1
13:55:16,15.39,1,1539,1
13:55:10,15.38,15,23070,-1
13:55:07,15.38,108,166104,-1
13:55:04,15.39,7,10773,1
13:54:58,15.38,214,329132,-1
13:54:55,15.38,1,1538,-1
13:54:52,15.38,175,269150,1
13:54:49,15.37,14,21518,-1
13:54:46,15.38,1,1538,1
13:54:40,15.38,2,3076,1
13:54:37,15.38,7,10766,1
13:54:31,15.37,31,47647,-1
13:54:19,15.38,1,1538,1
13:54:16,15.37,0,0,0
13:54:07,15.37,12,18444,1
13:53:58,15.37,6,9222,1
13:53:49,15.37,96,147552,-1
13:53:46,15.38,1,1538,1
13:53:43,15.37,3,4611,-1
13:53:31,15.37,10,15370,-1
13:53:19,15.37,74,113738,1
13:53:16,15.36,143,219648,-1
13:53:10,15.37,4,6148,1
13:53:04,15.37,11,16907,1
13:52:55,15.37,24,36888,1
13:52:52,15.37,5,7685,1
13:52:43,15.36,20,30720,-1
13:52:34,15.37,11,16907,1
13:52:31,15.37,5,7685,1
13:52:28,15.36,10,15360,-1
13:52:22,15.37,12,18444,1
13:52:19,15.36,1,1536,-1
13:52:16,15.37,30,46110,1
13:52:07,15.37,31,47647,1
13:52:00,15.37,6,9222,1
13:51:58,15.37,8,12296,1
13:51:55,15.36,10,15360,-1
13:51:52,15.36,3,4608,-1
13:51:40,15.36,10,15360,-1
13:51:36,15.37,118,181366,1
13:51:27,15.37,12,18444,1
13:51:21,15.36,4,6144,-1
13:51:16,15.37,7,10759,1
13:51:09,15.36,29,44544,-1
13:51:07,15.36,8,12288,-1
13:51:00,15.37,8,12296,1
13:50:57,15.37,13,19981,1
13:50:55,15.36,99,152064,-1
13:50:51,15.37,33,50721,1
13:50:49,15.36,2,3072,-1
13:50:42,15.36,3,4608,-1
13:50:36,15.36,2,3072,-1
13:50:33,15.36,2,3072,-1
13:50:27,15.36,11,16896,-1
13:50:18,15.37,9,13833,1
13:50:12,15.36,3,4608,-1
13:50:03,15.36,15,23040,-1
13:49:57,15.36,78,119808,-1
13:49:51,15.36,5,7680,-1
13:49:45,15.36,11,16896,-1
13:49:36,15.37,18,27666,1
13:49:32,15.37,2,3074,1
13:49:30,15.36,5,7680,-1
13:49:26,15.37,11,16907,1
13:49:24,15.36,5,7680,-1
13:49:21,15.37,11,16907,1
13:49:18,15.36,2,3072,-1
13:49:11,15.36,10,15360,-1
13:49:08,15.37,10,15370,1
13:49:02,15.36,4,6144,-1
13:48:59,15.36,21,32256,-1
13:48:54,15.37,2,3074,1
13:48:50,15.36,1,1536,-1
13:48:47,15.36,53,81408,-1
13:48:44,15.36,388,595968,1
13:48:35,15.35,40,61400,1
13:48:32,15.35,1,1535,1
13:48:29,15.35,10,15350,1
13:48:24,15.34,57,87438,-1
13:48:18,15.34,1,1534,-1
13:48:08,15.35,2,3070,1
13:48:05,15.34,7,10738,-1
13:47:56,15.35,10,15350,1
13:47:44,15.35,10,15350,1
13:47:41,15.35,16,24560,-1
13:47:38,15.35,1,1535,-1
13:47:35,15.35,10,15350,-1
13:47:26,15.35,21,32235,-1
13:47:23,15.36,1,1536,1
13:47:20,15.35,1,1535,-1
13:47:17,15.35,33,50655,-1
13:47:11,15.35,8,12280,-1
13:47:05,15.36,5,7680,1
13:47:02,15.36,6,9216,1
13:46:41,15.36,0,0,1
13:46:38,15.36,2,3072,1
13:46:29,15.35,100,153500,-1
13:46:23,15.35,10,15350,-1
13:46:14,15.36,99,152064,1
13:46:11,15.35,87,133545,-1
13:46:08,15.36,11,16896,1
13:46:02,15.36,20,30720,1
13:45:59,15.36,11,16896,1
13:45:56,15.36,13,19968,1
13:45:50,15.36,10,15360,1
13:45:41,15.36,20,30720,1
13:45:32,15.36,2,3072,1
13:45:26,15.35,14,21490,-1
13:45:23,15.36,1,1536,1
13:45:11,15.35,10,15350,-1
13:44:59,15.36,25,38400,1
13:44:56,15.35,8,12280,-1
13:44:53,15.35,1,1535,-1
13:44:47,15.36,4,6144,1
13:44:41,15.35,2,3070,-1
13:44:35,15.35,123,188805,-1
13:44:32,15.36,11,16896,1
13:44:29,15.36,28,43008,1
13:44:26,15.35,81,124335,-1
13:44:23,15.36,100,153600,1
13:44:17,15.35,50,76750,-1
13:44:05,15.36,1,1536,1
13:44:02,15.36,6,9216,1
13:43:59,15.36,3,4608,1
13:43:53,15.36,13,19968,1
13:43:50,15.36,20,30720,1
13:43:44,15.36,44,67584,1
13:43:41,15.36,60,92160,1
13:43:38,15.36,2,3072,1
13:43:32,15.36,14,21504,1
13:43:29,15.36,5,7680,1
13:43:23,15.36,90,138240,-1
13:43:11,15.36,2,3072,-1
13:43:05,15.36,314,482304,1
13:42:56,15.36,14,21504,1
13:42:53,15.36,49,75264,1
13:42:41,15.36,80,122880,1
13:42:38,15.36,5,7680,1
13:42:35,15.36,21,32256,1
13:42:29,15.35,10,15350,-1
13:42:26,15.36,6,9216,0
13:42:23,15.37,100,153700,1
13:42:11,15.35,38,58330,-1
13:42:08,15.36,4,6144,1
13:42:05,15.35,22,33770,-1
13:42:02,15.36,1,1536,1
13:41:56,15.35,7,10745,-1
13:41:50,15.36,44,67584,1
13:41:44,15.36,30,46080,1
13:41:41,15.35,10,15350,-1
13:41:38,15.36,15,23040,1
13:41:32,15.36,16,24576,1
13:41:23,15.35,30,46050,-1
13:41:20,15.35,11,16885,-1
13:41:08,15.35,5,7675,-1
13:41:05,15.35,5,7675,-1
13:41:02,15.35,32,49120,1
13:40:59,15.35,12,18420,1
13:40:56,15.35,10,15350,1
13:40:50,15.35,17,26095,-1
13:40:47,15.35,11,16885,-1
13:40:44,15.35,40,61400,-1
13:40:41,15.35,45,69075,-1
13:40:38,15.35,10,15350,-1
13:40:29,15.36,9,13824,1
13:40:20,15.35,0,0,-1
13:40:14,15.35,1,1535,-1
13:40:05,15.37,328,504136,1
13:39:59,15.37,2,3074,1
13:39:53,15.37,35,53795,-1
13:39:47,15.37,51,78387,-1
13:39:44,15.38,16,24608,1
13:39:38,15.37,5,7685,-1
13:39:35,15.37,16,24592,-1
13:39:29,15.37,1,1537,-1
13:39:23,15.37,57,87609,-1
13:39:14,15.37,50,76850,-1
13:39:08,15.37,13,19981,-1
13:39:02,15.37,10,15370,-1
13:38:55,15.38,18,27684,1
13:38:53,15.38,1,1538,1
13:38:40,15.38,10,15380,1
13:38:34,15.38,1,1538,1
13:38:28,15.38,5,7690,1
13:38:25,15.38,11,16918,-1
13:38:19,15.38,2,3076,-1
13:38:13,15.38,2,3076,-1
13:38:10,15.38,2,3076,-1
13:38:07,15.39,10,15390,1
13:38:01,15.38,70,107660,-1
13:37:52,15.38,5,7690,-1
13:37:49,15.39,7,10773,1
13:37:46,15.38,2,3076,-1
13:37:40,15.39,5,7695,1
13:37:37,15.38,5,7690,1
13:37:34,15.38,2,3076,-1
13:37:31,15.38,104,159952,-1
13:37:13,15.38,50,76900,-1
13:37:10,15.38,31,47678,-1
13:37:01,15.4,0,0,1
13:36:58,15.4,34,52360,1
13:36:46,15.39,2,3078,1
13:36:43,15.39,50,76950,1
13:36:40,15.38,63,96894,-1
13:36:37,15.39,2,3078,0
13:36:34,15.38,55,84590,-1
13:36:31,15.39,47,72333,1
13:36:28,15.39,74,113886,1
13:36:25,15.38,191,293758,-1
13:36:19,15.39,121,186219,1
13:36:13,15.38,10,15380,-1
13:36:07,15.39,1,1539,1
13:35:49,15.38,44,67672,-1
13:35:46,15.39,44,67716,-1
13:35:43,15.39,123,189297,1
13:35:31,15.38,167,256846,-1
13:35:28,15.39,9,13851,-1
13:35:25,15.39,57,87723,-1
13:35:22,15.39,15,23085,-1
13:35:19,15.39,9,13851,-1
13:35:07,15.4,2,3080,1
13:35:04,15.39,10,15390,-1
13:35:01,15.39,28,43092,-1
13:34:55,15.4,12,18480,1
13:34:49,15.39,1,1539,-1
13:34:46,15.4,1,1540,1
13:34:37,15.39,5,7695,-1
13:34:34,15.4,23,35420,1
13:34:31,15.39,40,61560,-1
13:34:25,15.39,130,200070,-1
13:34:22,15.39,7,10773,-1
13:34:19,15.39,5,7695,-1
13:34:16,15.39,34,52326,-1
13:34:13,15.39,4,6156,-1
13:34:10,15.4,1,1540,1
13:34:04,15.39,8,12312,-1
13:33:58,15.39,2,3078,-1
13:33:52,15.4,16,24640,1
13:33:49,15.39,15,23085,-1
13:33:46,15.39,12,18468,-1
13:33:40,15.39,5,7695,-1
13:33:37,15.39,33,50787,-1
13:33:34,15.39,8,12312,-1
13:33:31,15.39,15,23085,-1
13:33:28,15.39,4,6156,1
13:33:25,15.39,2,3078,1
13:33:22,15.4,336,517440,1
13:33:19,15.4,10,15400,1
13:33:13,15.39,10,15390,-1
13:33:10,15.39,1,1539,-1
13:33:07,15.39,5,7695,-1
13:32:58,15.39,27,41553,-1
13:32:51,15.39,3,4617,-1
13:32:46,15.39,10,15390,-1
13:32:42,15.39,96,147744,-1
13:32:33,15.4,1,1540,1
13:32:31,15.39,2,3078,-1
13:32:28,15.4,3,4620,-1
13:32:25,15.4,49,75460,1
13:32:21,15.39,2,3078,-1
13:32:18,15.4,0,0,0
13:32:15,15.4,2,3080,1
13:32:09,15.39,2,3078,-1
13:32:06,15.41,11,16951,1
13:32:03,15.41,20,30820,1
13:32:00,15.4,95,146300,-1
13:31:57,15.4,15,23100,-1
13:31:51,15.4,10,15400,-1
13:31:49,15.4,33,50820,-1
13:31:45,15.4,22,33880,-1
13:31:42,15.4,6,9240,-1
13:31:39,15.4,12,18480,-1
13:31:30,15.4,59,90860,-1
13:31:24,15.4,1,1540,-1
13:31:17,15.4,31,47740,-1
13:31:12,15.41,2,3082,1
13:31:09,15.4,24,36960,-1
13:31:06,15.42,22,33924,1
13:31:03,15.41,18,27738,-1
13:31:00,15.41,23,35443,-1
13:30:57,15.42,37,57054,-1
13:30:53,15.42,10,15420,-1
13:30:51,15.42,24,37008,1
13:30:48,15.4,17,26180,-1
13:30:44,15.4,0,0,-1
13:30:42,15.4,68,104720,-1
13:30:39,15.42,57,87894,-1
13:30:35,15.42,22,33924,-1
13:30:33,15.42,174,268308,1
13:30:30,15.42,35,53970,1
13:30:23,15.41,15,23115,1
13:30:20,15.4,10,15400,-1
13:30:17,15.42,0,0,1
13:30:14,15.42,34,52428,1
13:30:11,15.42,11,16962,1
13:30:08,15.41,5,7705,-1
13:30:05,15.41,135,208035,1
13:30:03,15.4,11,16940,-1
13:29:59,15.4,20,30800,-1
13:29:56,15.41,268,412988,-1
13:29:54,15.41,135,208035,-1
13:29:50,15.42,34,52428,-1
13:29:47,15.42,275,424050,1
13:29:44,15.41,11,16951,-1
13:29:41,15.42,77,118734,1
13:29:38,15.42,26,40092,1
13:29:35,15.41,127,195707,1
13:29:32,15.4,68,104720,-1
13:29:29,15.4,32,49280,-1
13:29:23,15.4,205,315700,1
13:29:20,15.39,70,107730,0
13:29:17,15.4,6,9240,1
13:29:14,15.39,3,4617,-1
13:29:11,15.39,14,21546,-1
13:29:08,15.39,10,15390,0
13:29:05,15.38,40,61520,-1
13:29:02,15.39,51,78489,-1
13:28:59,15.4,20,30800,1
13:28:56,15.38,40,61520,-1
13:28:53,15.39,15,23085,1
13:28:50,15.38,12,18456,-1
13:28:47,15.38,37,56906,-1
13:28:44,15.4,17,26180,1
13:28:41,15.38,11,16918,-1
13:28:35,15.39,9,13851,-1
13:28:32,15.4,24,36960,1
13:28:23,15.37,108,165996,-1
13:28:20,15.39,15,23085,1
13:28:17,15.39,29,44631,1
13:28:14,15.39,78,120042,1
13:28:08,15.39,16,24624,-1
13:28:05,15.36,0,0,-1
13:28:02,15.36,205,314880,-1
13:27:59,15.4,18,27720,-1
13:27:53,15.43,501,773043,1
13:27:50,15.39,19,29241,1
13:27:47,15.38,10,15380,-1
13:27:44,15.39,8,12312,-1
13:27:41,15.4,7,10780,1
13:27:38,15.4,27,41580,1
13:27:35,15.38,0,0,-1
13:27:32,15.38,0,0,-1
13:27:29,15.38,10,15380,-1
13:27:26,15.35,69,105915,-1
13:27:23,15.4,34,52360,0
13:27:20,15.36,27,41472,-1
13:27:17,15.36,162,248832,-1
13:27:14,15.42,117,180414,1
13:27:11,15.39,30,46170,-1
13:27:08,15.43,102,157386,1
13:27:05,15.36,405,622080,-1
13:27:02,15.41,14,21574,1
13:26:59,15.41,57,87837,1
13:26:56,15.41,1225,1887725,-1
13:26:53,15.38,56,86128,-1
13:26:50,15.42,82,126444,1
13:26:47,15.41,14,21574,1
13:26:44,15.4,230,354200,-1
13:26:41,15.41,67,103247,-1
13:26:38,15.41,36,55476,1
13:26:35,15.41,3,4623,1
13:26:32,15.4,84,129360,-1
13:26:29,15.41,60,92460,-1
13:26:26,15.41,16,24656,-1
13:26:23,15.41,62,95542,0
13:26:20,15.42,43,66306,0
13:26:17,15.4,197,303380,-1
13:26:14,15.42,9,13878,1
13:26:11,15.4,305,469700,1
13:26:08,15.37,236,362732,-1
13:26:05,15.39,135,207765,-1
13:26:02,15.4,609,937860,1
13:25:59,15.42,713,1099446,1
13:25:56,15.4,11,16940,-1
13:25:53,15.41,137,211117,1
13:25:50,15.4,26,40040,-1
13:25:47,15.4,58,89320,-1
13:25:44,15.4,256,394240,1
13:25:41,15.4,47,72380,1
13:25:38,15.4,66,101640,1
13:25:35,15.4,26,40040,1
13:25:32,15.37,46,70702,-1
13:25:29,15.37,27,41499,-1
13:25:26,15.4,113,174020,1
13:25:23,15.4,93,143220,1
13:25:20,15.37,34,52258,-1
13:25:17,15.37,35,53795,-1
13:25:14,15.4,100,154000,1
13:25:11,15.37,99,152163,0
13:25:08,15.36,60,92160,-1
13:25:05,15.36,31,47616,-1
13:25:02,15.41,505,778205,1
13:24:59,15.37,40,61480,-1
13:24:56,15.38,4,6152,1
13:24:53,15.36,45,69120,-1
13:24:50,15.37,11,16907,0
13:24:47,15.36,51,78336,-1
13:24:44,15.39,46,70794,1
13:24:41,15.37,75,115275,-1
13:24:38,15.39,7,10773,1
13:24:35,15.39,91,140049,1
13:24:32,15.39,27,41553,1
13:24:29,15.38,18,27684,-1
13:24:26,15.39,4,6156,1
13:24:23,15.38,18,27684,-1
13:24:20,15.38,49,75362,-1
13:24:17,15.39,117,180063,1
13:24:14,15.39,3,4617,0
13:24:11,15.38,15,23070,-1
13:24:08,15.4,84,129360,1
13:24:05,15.38,89,136882,-1
13:24:02,15.38,49,75362,-1
13:23:59,15.38,34,52292,-1
13:23:56,15.4,44,67760,-1
13:23:53,15.4,146,224840,1
13:23:50,15.4,61,93940,1
13:23:47,15.39,64,98496,-1
13:23:44,15.39,74,113886,-1
13:23:41,15.39,239,367821,-1
13:23:38,15.4,132,203280,-1
13:23:35,15.4,211,324940,-1
13:23:32,15.41,37,57017,1
13:23:29,15.4,147,226380,-1
13:23:26,15.4,8,12320,-1
13:23:23,15.41,112,172592,1
13:23:20,15.41,45,69345,1
13:23:17,15.4,88,135520,-1
13:23:14,15.4,7,10780,-1
13:23:11,15.4,97,149380,-1
13:23:08,15.4,92,141680,0
13:23:05,15.39,99,152361,-1
13:23:02,15.4,95,146300,1
13:22:59,15.39,39,60021,-1
13:22:56,15.39,26,40014,-1
13:22:53,15.39,97,149283,-1
13:22:50,15.4,14,21560,1
13:22:47,15.37,33,50721,-1
13:22:44,15.38,67,103046,-1
13:22:41,15.38,139,213782,-1
13:22:38,15.4,20,30800,1
13:22:35,15.4,177,272580,0
13:22:32,15.42,36,55512,1
13:22:29,15.4,59,90860,1
13:22:26,15.37,51,78387,-1
13:22:23,15.4,55,84700,-1
13:22:20,15.4,120,184800,0
13:22:17,15.37,32,49184,0
13:22:14,15.36,74,113664,-1
13:22:11,15.36,221,339456,-1
13:22:08,15.36,142,218112,-1
13:22:05,15.43,279,430497,1
13:22:02,15.4,397,611380,1
13:21:59,15.36,150,230400,-1
13:21:56,15.4,379,583660,-1
13:21:53,15.41,520,801320,1
13:21:50,15.41,30,46230,1
13:21:47,15.4,125,192500,-1
13:21:44,15.4,1563,2407020,1
13:21:41,15.31,445,681295,-1
13:21:35,15.36,2014,3093504,1
13:21:29,15.32,51,78132,-1
13:21:26,15.32,5,7660,-1
13:21:23,15.32,1,1532,-1
13:21:20,15.31,63,96453,-1
13:21:17,15.32,39,59748,1
13:21:13,15.31,30,45930,-1
13:21:11,15.32,68,104176,1
13:21:08,15.32,8,12256,1
13:21:05,15.32,2,3064,1
13:20:59,15.32,10,15320,1
13:20:56,15.31,15,22965,0
13:20:53,15.3,25,38250,-1
13:20:50,15.32,6,9192,1
13:20:46,15.31,15,22965,-1
13:20:44,15.32,1,1532,1
13:20:41,15.32,22,33704,1
13:20:32,15.31,31,47461,-1
13:20:29,15.31,111,169941,-1
13:20:26,15.31,81,124011,1
13:20:22,15.3,232,354960,-1
13:20:19,15.31,2,3062,1
13:20:13,15.3,4,6120,-1
13:20:10,15.31,1,1531,1
13:20:07,15.3,20,30600,-1
13:20:04,15.31,21,32151,1
13:20:01,15.31,10,15310,1
13:19:58,15.3,10,15300,-1
13:19:55,15.3,10,15300,-1
13:19:53,15.3,59,90270,1
13:19:49,15.3,50,76500,1
13:19:46,15.29,1,1529,-1
13:19:43,15.3,1,1530,1
13:19:40,15.29,23,35167,-1
13:19:37,15.3,1,1530,1
13:19:34,15.3,1,1530,1
13:19:31,15.29,65,99385,-1
13:19:28,15.3,20,30600,1
13:19:25,15.3,22,33660,1
13:19:22,15.3,15,22950,1
13:19:16,15.3,112,171360,1
13:19:10,15.3,20,30600,1
13:19:04,15.3,35,53550,1
13:19:01,15.3,15,22950,-1
13:18:58,15.3,28,42840,-1
13:18:55,15.3,202,309060,0
13:18:52,15.3,15,22950,0
13:18:49,15.31,78,119418,1
13:18:46,15.3,15,22950,-1
13:18:43,15.3,5,7650,-1
13:18:40,15.3,31,47430,1
13:18:34,15.3,10,15300,-1
13:18:31,15.3,3,4590,-1
13:18:28,15.3,20,30600,-1
13:18:25,15.3,12,18360,1
13:18:22,15.3,37,56610,1
13:18:16,15.3,5,7650,-1
13:18:13,15.3,38,58140,1
13:18:10,15.3,64,97920,-1
13:18:04,15.31,1,1531,1
13:18:01,15.3,7,10710,-1
13:17:58,15.3,11,16830,-1
13:17:55,15.3,12,18360,-1
13:17:52,15.3,59,90270,1
13:17:49,15.3,13,19890,1
13:17:46,15.3,10,15300,1
13:17:43,15.3,31,47430,1
13:17:37,15.3,13,19890,-1
13:17:34,15.3,27,41310,1
13:17:31,15.3,33,50490,1
13:17:28,15.3,20,30600,1
13:17:25,15.3,2,3060,1
13:17:22,15.3,105,160650,1
13:17:19,15.3,24,36720,1
13:17:16,15.3,20,30600,-1
13:17:13,15.3,46,70380,-1
13:17:10,15.3,57,87210,-1
13:17:07,15.3,13,19890,-1
13:17:04,15.3,83,126990,-1
13:17:01,15.3,71,108630,-1
13:16:58,15.3,52,79560,-1
13:16:55,15.3,58,88740,-1
13:16:52,15.3,134,205020,-1
13:16:49,15.3,58,88740,-1
13:16:46,15.3,53,81090,-1
13:16:43,15.3,212,324360,1
13:16:40,15.29,10,15290,-1
13:16:37,15.3,210,321300,1
13:16:34,15.29,74,113146,-1
13:16:28,15.29,1,1529,-1
13:16:25,15.29,20,30580,-1
13:16:22,15.3,4,6120,1
13:16:19,15.29,4,6116,-1
13:16:16,15.29,31,47399,-1
13:16:10,15.29,3,4587,-1
13:16:07,15.3,1,1530,1
13:16:01,15.3,2,3060,1
13:15:55,15.3,31,47430,1
13:15:52,15.29,1,1529,-1
13:15:46,15.3,11,16830,1
13:15:37,15.29,10,15290,-1
13:15:28,15.29,2,3058,-1
13:15:25,15.3,19,29070,1
13:15:19,15.3,1,1530,1
13:15:13,15.29,10,15290,-1
13:15:10,15.29,5,7645,-1
13:15:07,15.3,4,6120,1
13:15:04,15.29,10,15290,-1
13:14:55,15.3,18,27540,1
13:14:52,15.29,4,6116,-1
13:14:49,15.29,1,1529,-1
13:14:43,15.29,4,6116,-1
13:14:37,15.29,10,15290,-1
13:14:31,15.29,64,97856,-1
13:14:28,15.29,80,122320,-1
13:14:25,15.3,21,32130,1
13:14:22,15.29,22,33638,-1
13:14:19,15.29,2,3058,-1
13:14:10,15.3,28,42840,1
13:14:07,15.3,23,35190,-1
13:14:04,15.3,90,137700,-1
13:14:01,15.3,32,48960,-1
13:13:58,15.3,52,79560,-1
13:13:55,15.31,72,110232,-1
13:13:52,15.31,16,24496,-1
13:13:48,15.31,119,182189,-1
13:13:46,15.31,15,22965,-1
13:13:42,15.32,15,22980,1
13:13:37,15.31,21,32151,1
13:13:27,15.3,72,110160,-1
13:13:24,15.3,1,1530,-1
13:13:21,15.32,3,4596,1
13:13:18,15.3,145,221850,-1
13:13:16,15.3,30,45900,-1
13:13:09,15.3,91,139230,-1
13:13:06,15.31,109,166879,-1
13:13:03,15.31,8,12248,-1
13:13:00,15.31,20,30620,-1
13:12:57,15.31,13,19903,-1
13:12:54,15.31,3,4593,-1
13:12:51,15.31,5,7655,1
13:12:48,15.3,91,139230,-1
13:12:42,15.31,10,15310,-1
13:12:39,15.31,69,105639,1
13:12:36,15.3,5,7650,-1
13:12:33,15.31,12,18372,1
13:12:30,15.3,1,1530,-1
13:12:27,15.31,23,35213,1
13:12:21,15.31,21,32151,1
13:12:18,15.31,16,24496,1
13:12:09,15.31,28,42868,1
13:12:06,15.31,20,30620,1
13:12:03,15.3,10,15300,-1
13:12:00,15.31,1,1531,1
13:11:54,15.31,4,6124,1
13:11:50,15.31,7,10717,1
13:11:47,15.31,10,15310,1
13:11:41,15.3,4,6120,-1
13:11:38,15.3,14,21420,-1
13:11:36,15.31,5,7655,1
13:11:33,15.31,19,29089,1
13:11:30,15.32,66,101112,1
13:11:26,15.32,0,0,1
13:11:23,15.32,417,638844,1
13:11:02,15.32,29,44428,1
13:10:59,15.31,5,7655,-1
13:10:56,15.32,11,16852,1
13:10:53,15.32,14,21448,1
13:10:47,15.32,22,33704,1
13:10:44,15.31,11,16841,-1
13:10:41,15.31,1,1531,-1
13:10:38,15.31,48,73488,-1
13:10:35,15.31,10,15310,-1
13:10:32,15.32,1,1532,1
13:10:26,15.32,5,7660,1
13:10:23,15.32,18,27576,1
13:10:20,15.31,11,16841,-1
13:10:17,15.31,8,12248,-1
13:10:11,15.31,17,26027,-1
13:10:05,15.31,24,36744,-1
13:10:02,15.32,54,82728,1
13:09:59,15.31,10,15310,-1
13:09:56,15.32,4,6128,1
13:09:47,15.31,25,38275,-1
13:09:38,15.31,19,29089,-1
13:09:32,15.31,20,30620,-1
13:09:29,15.32,50,76600,1
13:09:26,15.31,37,56647,-1
13:09:23,15.31,5,7655,-1
13:09:20,15.31,16,24496,-1
13:09:17,15.32,21,32172,1
13:09:08,15.32,74,113368,1
13:09:05,15.32,28,42896,1
13:08:59,15.32,10,15320,1
13:08:56,15.31,5,7655,-1
13:08:53,15.32,19,29108,1
13:08:50,15.31,5,7655,-1
13:08:47,15.32,6,9192,1
13:08:44,15.31,55,84205,-1
13:08:41,15.33,0,0,1
13:08:38,15.33,2,3066,1
13:08:35,15.33,29,44457,1
13:08:32,15.32,76,116432,-1
13:08:26,15.32,40,61280,-1
13:08:14,15.33,0,0,1
13:08:11,15.33,31,47523,1
13:08:08,15.31,1,1531,-1
13:08:05,15.33,9,13797,1
13:08:02,15.33,30,45990,1
13:07:59,15.32,2,3064,-1
13:07:56,15.33,14,21462,-1
13:07:53,15.33,15,22995,-1
13:07:47,15.33,10,15330,-1
13:07:44,15.33,47,72051,1
13:07:41,15.33,5,7665,1
13:07:38,15.33,37,56721,-1
13:07:35,15.33,3,4599,-1
13:07:32,15.34,9,13806,1
13:07:20,15.33,69,105777,1
13:07:14,15.33,0,0,1
13:07:11,15.33,95,145635,1
13:07:08,15.32,219,335508,-1
13:07:05,15.32,18,27576,-1
13:07:02,15.33,36,55188,1
13:06:59,15.33,45,68985,1
13:06:56,15.33,1,1533,1
13:06:50,15.32,20,30640,-1
13:06:44,15.32,7,10724,-1
13:06:41,15.34,210,322140,-1
13:06:38,15.34,261,400374,-1
13:06:35,15.35,14,21490,1
13:06:32,15.34,29,44486,-1
13:06:26,15.34,1,1534,-1
13:06:23,15.34,31,47554,-1
13:06:20,15.35,161,247135,1
13:06:14,15.35,10,15350,1
13:06:11,15.35,10,15350,1
13:06:08,15.34,34,52156,-1
13:06:05,15.35,47,72145,1
13:06:02,15.35,1,1535,1
13:05:59,15.34,127,194818,-1
13:05:56,15.35,18,27630,1
13:05:53,15.34,275,421850,-1
13:05:50,15.35,157,240995,1
13:05:47,15.35,23,35305,1
13:05:44,15.35,8,12280,1
13:05:41,15.35,145,222575,1
13:05:38,15.35,20,30700,1
13:05:35,15.35,260,399100,-1
13:05:29,15.35,21,32235,-1
13:05:26,15.35,31,47585,1
13:05:23,15.34,96,147264,-1
13:05:20,15.35,18,27630,1
13:05:17,15.34,65,99710,-1
13:05:14,15.34,31,47554,-1
13:05:11,15.35,45,69075,1
13:05:08,15.34,5,7670,-1
13:05:05,15.34,145,222430,1
13:05:02,15.34,130,199420,1
13:04:59,15.34,223,342082,1
13:04:56,15.34,12,18408,1
13:04:53,15.34,21,32214,1
13:04:50,15.34,601,921934,1
13:04:47,15.34,200,306800,1
13:04:44,15.34,37,56758,1
13:04:41,15.33,6,9198,-1
13:04:38,15.34,23,35282,1
13:04:32,15.33,51,78183,0
13:04:29,15.34,88,134992,1
13:04:26,15.33,26,39858,1
13:04:23,15.33,8,12264,1
13:04:20,15.32,68,104176,-1
13:04:17,15.32,8,12256,-1
13:04:14,15.32,7,10724,-1
13:04:11,15.33,11,16863,1
13:04:08,15.32,264,404448,1
13:04:05,15.31,15,22965,-1
13:04:02,15.31,2,3062,-1
13:03:59,15.31,13,19903,1
13:03:53,15.31,1,1531,1
13:03:50,15.3,38,58140,-1
13:03:47,15.31,7,10717,1
13:03:44,15.31,23,35213,-1
13:03:41,15.31,1,1531,-1
13:03:35,15.32,10,15320,1
13:03:32,15.32,11,16852,1
13:03:29,15.32,57,87324,-1
13:03:26,15.33,10,15330,1
13:03:23,15.34,112,171808,1
13:03:20,15.33,20,30660,1
13:03:17,15.33,4,6132,1
13:03:14,15.33,25,38325,1
13:03:11,15.33,123,188559,1
13:03:05,15.33,42,64386,1
13:03:02,15.32,13,19916,-1
13:02:59,15.33,50,76650,1
13:02:56,15.33,66,101178,1
13:02:53,15.33,139,213087,1
13:02:50,15.33,77,118041,-1
13:02:47,15.33,124,190092,-1
13:02:44,15.33,103,157899,-1
13:02:41,15.34,25,38350,1
13:02:38,15.33,127,194691,-1
13:02:35,15.34,34,52156,-1
13:02:32,15.34,33,50622,-1
13:02:29,15.34,6,9204,-1
13:02:26,15.35,21,32235,1
13:02:23,15.35,33,50655,1
13:02:19,15.35,4,6140,1
13:02:17,15.35,47,72145,-1
13:02:14,15.35,39,59865,-1
13:02:11,15.35,5,7675,-1
13:02:07,15.35,42,64470,-1
13:02:04,15.35,113,173455,1
13:02:02,15.35,226,346910,1
13:01:59,15.34,331,507754,-1
13:01:55,15.36,43,66048,1
13:01:53,15.35,13,19955,1
13:01:49,15.36,200,307200,1
13:01:46,15.34,105,161070,-1
13:01:44,15.34,224,343616,1
13:01:40,15.33,97,148701,-1
13:01:37,15.35,50,76750,1
13:01:34,15.34,21,32214,1
13:01:31,15.34,23,35282,1
13:01:29,15.34,19,29146,1
13:01:25,15.34,61,93574,1
13:01:22,15.33,15,22995,-1
13:01:19,15.35,131,201085,1
13:01:16,15.34,207,317538,1
13:01:13,15.34,97,148798,-1
13:01:10,15.34,153,234702,-1
13:01:07,15.34,327,501618,-1
13:01:04,15.34,234,358956,1
13:01:01,15.34,33,50622,1
13:00:58,15.34,16,24544,1
13:00:55,15.34,2,3068,1
13:00:52,15.33,100,153300,1
13:00:49,15.33,86,131838,1
13:00:46,15.31,31,47461,-1
13:00:43,15.33,106,162498,1
13:00:40,15.32,84,128688,1
13:00:37,15.32,104,159328,1
13:00:34,15.32,132,202224,1
13:00:31,15.31,39,59709,1
13:00:28,15.3,222,339660,1
13:00:25,15.3,2,3060,1
13:00:22,15.3,15,22950,1
13:00:19,15.3,149,227970,0
13:00:16,15.29,15,22935,-1
13:00:13,15.3,6,9180,-1
13:00:10,15.3,14,21420,-1
13:00:07,15.3,136,208080,1
13:00:05,15.24,738,1124712,-1
13:00:01,15.26,167,254842,1
11:30:00,15.26,0,0,1
11:30:00,15.26,0,0,1
11:29:59,15.26,7,10682,1
11:29:56,15.25,39,59475,-1
11:29:50,15.25,15,22875,-1
11:29:44,15.25,17,25925,-1
11:29:38,15.25,41,62525,-1
11:29:35,15.26,23,35098,1
11:29:32,15.26,5,7630,1
11:29:29,15.26,146,222796,1
11:29:23,15.26,106,161756,1
11:29:20,15.26,6,9156,1
11:29:17,15.25,20,30500,-1
11:29:14,15.25,1001,1526525,-1
11:29:11,15.25,10,15250,-1
11:29:08,15.25,42,64050,-1
11:29:02,15.26,24,36624,1
11:28:59,15.25,10,15250,-1
11:28:50,15.26,22,33572,1
11:28:47,15.25,8,12200,-1
11:28:41,15.25,1,1525,-1
11:28:38,15.25,69,105225,-1
11:28:35,15.26,40,61040,1
11:28:32,15.26,22,33572,1
11:28:29,15.26,25,38150,-1
11:28:26,15.26,0,0,0
11:28:23,15.26,42,64092,1
11:28:17,15.26,14,21364,-1
11:28:14,15.26,29,44254,-1
11:28:08,15.27,0,0,1
11:28:02,15.27,15,22905,1
11:27:59,15.28,1,1528,1
11:27:56,15.28,15,22920,1
11:27:53,15.26,11,16786,-1
11:27:50,15.28,5,7640,1
11:27:47,15.26,5,7630,-1
11:27:44,15.28,47,71816,1
11:27:41,15.28,142,216976,-1
11:27:38,15.28,34,51952,-1
11:27:35,15.28,123,187944,-1
11:27:32,15.29,47,71863,1
11:27:29,15.29,14,21406,1
11:27:26,15.29,265,405185,1
11:27:23,15.29,49,74921,1
11:27:20,15.3,15,22950,1
11:27:17,15.3,133,203490,1
11:27:14,15.3,133,203490,1
11:27:11,15.29,47,71863,-1
11:27:08,15.3,291,445230,1
11:27:05,15.3,165,252450,-1
11:27:02,15.3,102,156060,-1
11:26:59,15.31,114,174534,1
11:26:56,15.3,224,342720,1
11:26:53,15.3,301,460530,1
11:26:50,15.3,93,142290,1
11:26:47,15.3,220,336600,1
11:26:44,15.3,150,229500,1
11:26:41,15.3,407,622710,1
11:26:38,15.28,600,916800,1
11:26:35,15.26,11,16786,1
11:26:32,15.25,109,166225,0
11:26:29,15.25,30,45750,1
11:26:23,15.24,56,85344,0
11:26:20,15.25,380,579500,1
11:26:17,15.24,55,83820,1
11:26:14,15.24,88,134112,1
11:26:11,15.22,414,630108,1
11:26:08,15.17,65,98605,-1
11:26:02,15.22,2000,3044000,1
11:25:56,15.18,0,0,1
11:25:53,15.18,82,124476,1
11:25:46,15.17,29,43993,1
11:25:44,15.17,24,36408,-1
11:25:38,15.18,2,3036,1
11:25:26,15.18,50,75900,1
11:25:14,15.17,19,28823,1
11:25:11,15.17,18,27306,1
11:25:07,15.17,15,22755,1
11:25:04,15.17,5,7585,1
11:25:01,15.16,2,3032,-1
11:24:56,15.16,17,25772,-1
11:24:52,15.17,73,110741,1
11:24:31,15.16,107,162212,-1
11:24:16,15.17,1,1517,1
11:24:07,15.17,1,1517,1
11:24:01,15.16,7,10612,-1
11:23:58,15.17,2,3034,1
11:23:49,15.17,21,31857,1
11:23:37,15.17,1,1517,1
11:23:34,15.16,5,7580,-1
11:23:31,15.17,8,12136,1
11:23:28,15.17,2,3034,1
11:23:25,15.16,3,4548,-1
11:23:19,15.16,37,56092,-1
11:23:13,15.17,1,1517,1
11:23:07,15.17,1,1517,1
11:23:01,15.17,6,9102,1
11:22:58,15.17,1,1517,1
11:22:49,15.17,2,3034,1
11:22:46,15.16,14,21224,-1
11:22:43,15.17,1,1517,1
11:22:40,15.17,10,15170,1
11:22:37,15.17,1,1517,1
11:22:34,15.16,1,1516,-1
11:22:31,15.17,3,4551,1
11:22:28,15.18,1,1518,1
11:22:25,15.16,502,761032,-1
11:22:19,15.17,36,54612,1
11:22:13,15.17,1,1517,1
11:22:07,15.16,1,1516,-1
11:22:04,15.16,4,6064,-1
11:22:01,15.17,1,1517,1
11:21:58,15.17,14,21238,-1
11:21:55,15.17,5,7585,-1
11:21:52,15.18,1,1518,1
11:21:43,15.18,4,6072,1
11:21:34,15.17,1,1517,1
11:21:25,15.18,8,12144,1
11:21:22,15.17,9,13653,-1
11:21:19,15.17,35,53095,-1
11:21:16,15.18,52,78936,1
11:21:10,15.17,2,3034,-1
11:21:07,15.18,35,53130,1
11:21:04,15.17,17,25789,-1
11:21:01,15.17,20,30340,-1
11:20:49,15.19,15,22785,1
11:20:37,15.17,2,3034,-1
11:20:31,15.19,1,1519,1
11:20:25,15.19,2,3038,1
11:20:10,15.19,32,48608,1
11:20:07,15.19,11,16709,1
11:20:04,15.18,15,22770,-1
11:20:01,15.19,1,1519,1
11:19:58,15.18,15,22770,-1
11:19:46,15.19,1,1519,1
11:19:39,15.19,27,41013,1
11:19:25,15.18,45,68310,1
11:19:22,15.18,1,1518,1
11:19:13,15.18,20,30360,1
11:19:06,15.18,100,151800,1
11:18:57,15.17,14,21238,-1
11:18:55,15.18,1,1518,1
11:18:45,15.18,9,13662,1
11:18:42,15.17,20,30340,-1
11:18:27,15.18,0,0,1
11:18:21,15.18,2,3036,1
11:18:18,15.18,50,75900,1
11:18:00,15.17,3,4551,-1
11:17:57,15.17,4,6068,1
11:17:54,15.16,2,3032,-1
11:17:48,15.18,0,0,1
11:17:45,15.18,2,3036,1
11:17:42,15.18,1,1518,1
11:17:36,15.18,1,1518,1
11:17:24,15.18,92,139656,1
11:17:15,15.18,22,33396,1
11:17:09,15.18,64,97152,1
11:17:06,15.18,4,6072,1
11:17:00,15.18,2,3036,1
11:16:57,15.17,12,18204,1
11:16:51,15.16,11,16676,-1
11:16:48,15.18,8,12144,1
11:16:45,15.18,2,3036,1
11:16:42,15.17,3,4551,1
11:16:39,15.17,32,48544,1
11:16:36,15.17,15,22755,1
11:16:30,15.17,2,3034,1
11:16:27,15.17,1,1517,1
11:16:21,15.17,1,1517,1
11:16:15,15.17,8,12136,-1
11:16:12,15.17,16,24272,-1
11:16:09,15.17,3,4551,-1
11:16:06,15.17,68,103156,1
11:15:57,15.16,39,59124,-1
11:15:54,15.17,100,151700,1
11:15:51,15.16,20,30320,-1
11:15:48,15.16,5,7580,-1
11:15:45,15.16,14,21224,-1
11:15:42,15.17,9,13653,1
11:15:39,15.16,21,31836,-1
11:15:36,15.16,21,31836,-1
11:15:33,15.16,10,15160,-1
11:15:21,15.16,21,31836,-1
11:15:18,15.16,13,19708,-1
11:15:15,15.17,2,3034,1
11:15:06,15.17,5,7585,1
11:15:00,15.17,24,36408,-1
11:14:57,15.17,7,10619,-1
11:14:54,15.17,9,13653,-1
11:14:48,15.17,32,48544,-1
11:14:42,15.18,1,1518,1
11:14:39,15.17,6,9102,-1
11:14:12,15.18,1,1518,1
11:14:00,15.18,108,163944,-1
11:13:57,15.18,99,150282,-1
11:13:51,15.18,3,4554,-1
11:13:48,15.18,10,15180,-1
11:13:45,15.19,22,33418,1
11:13:39,15.18,7,10626,-1
11:13:33,15.18,5,7590,-1
11:13:30,15.18,6,9108,-1
11:13:12,15.19,2,3038,1
11:13:09,15.18,5,7590,-1
11:13:06,15.18,10,15180,-1
11:13:03,15.18,9,13662,-1
11:13:00,15.18,11,16698,-1
11:12:57,15.19,1,1519,1
11:12:54,15.19,0,0,1
11:12:48,15.19,1,1519,1
11:12:41,15.18,0,0,1
11:12:38,15.18,2,3036,1
11:12:32,15.19,0,0,1
11:12:30,15.19,100,151900,1
11:12:24,15.18,56,85008,-1
11:12:17,15.18,67,101706,-1
11:12:14,15.19,100,151900,1
11:12:12,15.19,2,3038,1
11:12:08,15.19,2,3038,1
11:11:59,15.19,58,88102,1
11:11:57,15.18,33,50094,0
11:11:53,15.18,2,3036,-1
11:11:47,15.18,67,101706,1
11:11:44,15.17,5,7585,-1
11:11:41,15.18,14,21252,1
11:11:38,15.18,17,25806,1
11:11:29,15.17,69,104673,-1
11:11:26,15.18,2,3036,1
11:11:20,15.18,1,1518,1
11:11:14,15.17,53,80401,-1
11:11:11,15.18,7,10626,1
11:11:05,15.18,45,68310,1
11:11:02,15.16,11,16676,-1
11:10:59,15.16,110,166760,-1
11:10:56,15.17,25,37925,1
11:10:53,15.16,14,21224,-1
11:10:50,15.17,5,7585,1
11:10:47,15.17,2,3034,1
11:10:44,15.16,10,15160,-1
11:10:41,15.16,20,30320,-1
11:10:38,15.17,1,1517,1
11:10:35,15.16,23,34868,0
11:10:32,15.17,18,27306,1
11:10:26,15.16,95,144020,-1
11:10:17,15.17,2,3034,1
11:10:14,15.17,64,97088,1
11:10:11,15.15,16,24240,-1
11:10:05,15.16,10,15160,1
11:09:56,15.17,119,180523,1
11:09:53,15.16,2,3032,0
11:09:47,15.16,21,31836,-1
11:09:44,15.16,1,1516,-1
11:09:41,15.17,3,4551,1
11:09:38,15.16,4,6064,-1
11:09:35,15.17,5,7585,1
11:09:26,15.17,2,3034,1
11:09:14,15.16,47,71252,1
11:09:08,15.15,29,43935,1
11:08:59,15.15,5,7575,1
11:08:56,15.15,13,19695,1
11:08:50,15.15,10,15150,1
11:08:41,15.15,2,3030,1
11:08:35,15.15,3,4545,1
11:08:26,15.15,61,92415,-1
11:08:23,15.16,38,57608,1
11:08:11,15.16,1,1516,1
11:08:02,15.16,2,3032,1
11:07:59,15.16,30,45480,1
11:07:53,15.15,42,63630,1
11:07:50,15.15,12,18180,1
11:07:44,15.15,3,4545,1
11:07:38,15.15,1,1515,1
11:07:35,15.14,8,12112,1
11:07:26,15.14,64,96896,1
11:07:17,15.13,51,77163,1
11:07:14,15.13,20,30260,1
11:07:08,15.13,3,4539,1
11:07:05,15.13,20,30260,1
11:06:56,15.13,21,31773,1
11:06:52,15.12,2,3024,-1
11:06:37,15.12,2,3024,1
11:06:34,15.12,6,9072,0
11:06:31,15.13,60,90780,1
11:06:28,15.13,0,0,1
11:06:25,15.13,4,6052,1
11:06:22,15.13,36,54468,1
11:06:19,15.11,13,19643,-1
11:06:16,15.11,45,67995,-1
11:06:10,15.11,0,0,-1
11:06:07,15.11,301,454811,-1
11:05:55,15.11,232,350552,-1
11:05:52,15.11,0,0,-1
11:05:49,15.11,247,373217,-1
11:05:43,15.14,52,78728,1
11:05:40,15.14,1,1514,1
11:05:37,15.12,59,89208,-1
11:05:34,15.15,0,0,1
11:05:31,15.15,1,1515,1
11:05:28,15.13,100,151300,-1
11:05:25,15.15,37,56055,0
11:05:19,15.14,125,189250,-1
11:05:16,15.15,40,60600,1
11:05:13,15.14,28,42392,-1
11:05:10,15.15,68,103020,1
11:05:07,15.14,11,16654,-1
11:05:04,15.15,27,40905,1
11:05:01,15.15,6,9090,1
11:04:58,15.14,15,22710,-1
11:04:55,15.14,0,0,-1
11:04:52,15.14,21,31794,-1
11:04:49,15.17,81,122877,1
11:04:43,15.15,1,1515,1
11:04:40,15.16,30,45480,1
11:04:37,15.15,25,37875,-1
11:04:34,15.15,51,77265,-1
11:04:31,15.15,76,115140,-1
11:04:28,15.17,0,0,1
11:04:25,15.17,9,13653,1
11:04:19,15.17,30,45510,1
11:04:16,15.17,5,7585,1
11:04:13,15.15,1,1515,-1
11:04:10,15.17,0,0,1
11:04:07,15.17,47,71299,1
11:04:04,15.16,25,37900,-1
11:03:46,15.16,40,60640,1
11:03:43,15.16,1,1516,1
11:03:40,15.16,22,33352,1
11:03:37,15.15,36,54540,-1
11:03:28,15.16,74,112184,1
11:03:25,15.16,32,48512,-1
11:03:19,15.16,7,10612,-1
11:03:16,15.17,10,15170,1
11:03:13,15.16,151,228916,-1
11:03:10,15.17,4,6068,-1
11:03:07,15.17,10,15170,-1
11:03:01,15.18,11,16698,1
11:02:58,15.18,1,1518,1
11:02:55,15.18,69,104742,-1
11:02:49,15.18,30,45540,-1
11:02:43,15.18,3,4554,-1
11:02:34,15.18,7,10626,-1
11:02:31,15.18,100,151800,-1
11:02:28,15.19,36,54684,-1
11:02:25,15.19,17,25823,1
11:02:22,15.18,2,3036,-1
11:02:19,15.19,1,1519,1
11:02:16,15.18,4,6072,-1
11:02:13,15.18,0,0,-1
11:02:07,15.18,41,62238,-1
11:02:04,15.19,18,27342,-1
11:02:01,15.2,132,200640,-1
11:01:58,15.22,1,1522,1
11:01:55,15.22,79,120238,-1
11:01:52,15.23,8,12184,1
11:01:49,15.24,4,6096,1
11:01:40,15.24,13,19812,1
11:01:37,15.23,39,59397,-1
11:01:34,15.23,160,243680,1
11:01:31,15.22,25,38050,-1
11:01:28,15.22,189,287658,1
11:01:25,15.2,297,451440,-1
11:01:22,15.21,19,28899,1
11:01:19,15.21,12,18252,1
11:01:13,15.2,5,7600,-1
11:01:10,15.21,39,59319,1
11:01:07,15.21,111,168831,-1
11:00:57,15.21,16,24336,-1
11:00:54,15.2,20,30400,1
11:00:52,15.2,400,608000,-1
11:00:48,15.21,8,12168,1
11:00:43,15.2,54,82080,-1
11:00:40,15.21,36,54756,1
11:00:37,15.2,117,177840,-1
11:00:31,15.19,5,7595,-1
11:00:27,15.21,100,152100,1
11:00:25,15.19,14,21266,1
11:00:21,15.19,33,50127,1
11:00:19,15.19,94,142786,1
11:00:15,15.19,2,3038,1
11:00:10,15.19,2,3038,1
11:00:04,15.2,435,661200,1
10:59:57,15.19,1,1519,-1
10:59:52,15.19,10,15190,-1
10:59:48,15.18,2,3036,-1
10:59:42,15.2,0,0,1
10:59:40,15.2,348,528960,1
10:59:33,15.18,161,244398,-1
10:59:27,15.18,40,60720,-1
10:59:21,15.18,5,7590,-1
10:59:18,15.18,106,160908,1
10:59:15,15.15,20,30300,-1
10:59:12,15.18,5,7590,1
10:59:09,15.19,1,1519,1
10:59:06,15.15,699,1058985,-1
10:59:03,15.18,30,45540,-1
10:58:57,15.19,2,3038,1
10:58:54,15.18,24,36432,-1
10:58:45,15.19,7,10633,1
10:58:42,15.19,25,37975,1
10:58:39,15.18,14,21252,-1
10:58:36,15.19,5,7595,1
10:58:33,15.19,37,56203,-1
10:58:30,15.19,10,15190,1
10:58:27,15.19,9,13671,1
10:58:24,15.19,33,50127,1
10:58:21,15.19,49,74431,1
10:58:18,15.18,7,10626,-1
10:58:15,15.19,27,41013,1
10:58:06,15.2,3,4560,1
10:58:03,15.19,13,19747,-1
10:58:00,15.19,2,3038,-1
10:57:57,15.19,50,75950,-1
10:57:51,15.2,17,25840,1
10:57:48,15.19,22,33418,1
10:57:45,15.19,11,16709,1
10:57:42,15.19,33,50127,-1
10:57:39,15.2,44,66880,1
10:57:36,15.19,100,151900,-1
10:57:33,15.2,56,85120,1
10:57:30,15.19,105,159495,-1
10:57:27,15.19,20,30380,-1
10:57:21,15.2,2,3040,1
10:57:18,15.2,14,21280,1
10:57:12,15.2,42,63840,1
10:57:09,15.2,3,4560,1
10:57:06,15.19,5,7595,0
10:57:03,15.2,100,152000,1
10:57:00,15.19,38,57722,1
10:56:57,15.19,15,22785,1
10:56:51,15.18,38,57684,-1
10:56:45,15.19,15,22785,-1
10:56:39,15.2,12,18240,1
10:56:33,15.2,0,0,1
10:56:30,15.2,6,9120,1
10:56:27,15.18,20,30360,-1
10:56:24,15.18,3,4554,-1
10:56:21,15.18,79,119922,1
10:56:18,15.18,3,4554,1
10:56:15,15.18,40,60720,1
10:56:12,15.18,64,97152,-1
10:56:09,15.18,7,10626,-1
10:56:06,15.19,1,1519,0
10:56:03,15.2,119,180880,1
10:56:00,15.19,1,1519,1
10:55:57,15.17,50,75850,-1
10:55:54,15.18,9,13662,-1
10:55:51,15.19,76,115444,1
10:55:48,15.18,5,7590,0
10:55:45,15.19,111,168609,1
10:55:42,15.19,5,7595,1
10:55:39,15.18,26,39468,-1
10:55:36,15.19,3,4557,1
10:55:33,15.19,20,30380,1
10:55:27,15.19,2,3038,0
10:55:21,15.17,34,51578,-1
10:55:15,15.19,50,75950,0
10:55:12,15.18,291,441738,-1
10:55:09,15.19,53,80507,1
10:55:06,15.19,85,129115,1
10:55:03,15.19,70,106330,1
10:55:00,15.19,6,9114,1
10:54:57,15.19,68,103292,-1
10:54:51,15.19,30,45570,-1
10:54:48,15.2,80,121600,1
10:54:45,15.2,44,66880,1
10:54:38,15.2,5,7600,1
10:54:36,15.2,1,1520,1
10:54:33,15.2,134,203680,-1
10:54:30,15.2,15,22800,-1
10:54:27,15.18,0,0,-1
10:54:24,15.18,617,936606,-1
10:54:21,15.2,40,60800,-1
10:54:18,15.2,26,39520,-1
10:54:15,15.2,81,123120,-1
10:54:11,15.2,19,28880,1
10:54:09,15.19,0,0,-1
10:54:06,15.19,89,135191,-1
10:54:03,15.2,47,71440,1
10:53:59,15.2,2,3040,1
10:53:56,15.21,25,38025,0
10:53:54,15.22,123,187206,1
10:53:51,15.2,193,293360,-1
10:53:44,15.22,248,377456,-1
10:53:41,15.22,284,432248,-1
10:53:35,15.23,46,70058,1
10:53:32,15.23,2,3046,1
10:53:26,15.23,52,79196,-1
10:53:23,15.24,46,70104,1
10:53:20,15.23,20,30460,-1
10:53:17,15.23,34,51782,-1
10:53:14,15.23,94,143162,1
10:53:11,15.23,19,28937,1
10:53:08,15.23,47,71581,1
10:53:05,15.22,61,92842,-1
10:53:02,15.24,81,123444,1
10:52:59,15.23,36,54828,1
10:52:56,15.23,12,18276,1
10:52:53,15.23,17,25891,-1
10:52:50,15.24,70,106680,1
10:52:47,15.23,50,76150,-1
10:52:44,15.23,44,67012,1
10:52:41,15.2,446,677920,-1
10:52:38,15.23,66,100518,1
10:52:35,15.23,1,1523,1
10:52:32,15.23,372,566556,1
10:52:29,15.23,10,15230,1
10:52:23,15.22,157,238954,-1
10:52:20,15.23,1,1523,-1
10:52:17,15.22,241,366802,-1
10:52:14,15.23,266,405118,1
10:52:11,15.23,85,129455,1
10:52:08,15.23,101,153823,1
10:52:05,15.23,131,199513,-1
10:52:02,15.24,16,24384,1
10:51:59,15.23,60,91380,-1
10:51:56,15.23,60,91380,1
10:51:53,15.22,164,249608,-1
10:51:50,15.24,190,289560,1
10:51:47,15.24,73,111252,1
10:51:44,15.23,21,31983,-1
10:51:41,15.24,140,213360,-1
10:51:38,15.24,10,15240,0
10:51:35,15.25,56,85400,1
10:51:32,15.23,174,265002,-1
10:51:29,15.22,9,13698,0
10:51:26,15.21,260,395460,0
10:51:23,15.23,253,385319,1
10:51:20,15.2,346,525920,-1
10:51:17,15.21,85,129285,-1
10:51:14,15.23,68,103564,1
10:51:11,15.24,43,65532,1
10:51:08,15.22,76,115672,-1
10:51:05,15.25,132,201300,1
10:51:02,15.24,25,38100,1
10:50:56,15.24,178,271272,-1
10:50:53,15.27,1090,1664430,1
10:50:50,15.25,41,62525,1
10:50:47,15.25,176,268400,-1
10:50:44,15.27,43,65661,1
10:50:41,15.27,91,138957,1
10:50:38,15.25,47,71675,-1
10:50:35,15.28,121,184888,1
10:50:32,15.28,353,539384,1
10:50:29,15.27,214,326778,1
10:50:26,15.25,589,898225,-1
10:50:23,15.28,100,152800,-1
10:50:20,15.28,878,1341584,1
10:50:17,15.27,237,361899,-1
10:50:14,15.28,181,276568,1
10:50:11,15.26,253,386078,-1
10:50:08,15.28,332,507296,-1
10:50:05,15.28,848,1295744,1
10:50:02,15.28,289,441592,1
10:49:59,15.28,68,103904,1
10:49:56,15.25,558,850950,-1
10:49:53,15.28,148,226144,1
10:49:50,15.24,381,580644,1
10:49:47,15.24,471,717804,1
10:49:44,15.21,196,298116,-1
10:49:41,15.22,59,89798,1
10:49:38,15.22,129,196338,1
10:49:35,15.2,272,413440,1
10:49:32,15.18,46,69828,-1
10:49:29,15.2,542,823840,1
10:49:26,15.18,66,100188,1
10:49:23,15.18,116,176088,1
10:49:20,15.16,321,486636,1
10:49:17,15.12,527,796824,-1
10:49:14,15.15,318,481770,1
10:49:11,15.15,58,87870,1
10:49:08,15.14,232,351248,1
10:49:05,15.15,76,115140,1
10:49:02,15.14,104,157456,1
10:48:59,15.14,88,133232,1
10:48:56,15.13,70,105910,1
10:48:53,15.1,300,453000,-1
10:48:50,15.15,339,513585,1
10:48:47,15.1,80,120800,-1
10:48:44,15.13,129,195177,-1
10:48:41,15.14,120,181680,1
10:48:38,15.1,212,320120,-1
10:48:35,15.13,300,453900,-1
10:48:32,15.13,69,104397,-1
10:48:28,15.13,207,313191,-1
10:48:26,15.13,452,683876,1
10:48:23,15.1,40,60400,-1
10:48:20,15.1,304,459040,-1
10:48:17,15.13,122,184586,1
10:48:13,15.12,197,297864,1
10:48:11,15.07,254,382778,-1
10:48:08,15.1,95,143450,1
10:48:05,15.09,115,173535,1
10:48:02,15.08,74,111592,-1
10:47:58,15.09,35,52815,1
10:47:56,15.09,71,107139,1
10:47:52,15.09,383,577947,1
10:47:49,15.09,51,76959,0
10:47:47,15.1,211,318610,1
10:47:44,15.09,61,92049,0
10:47:40,15.1,52,78520,1
10:47:38,15.1,174,262740,1
10:47:34,15.09,83,125247,1
10:47:31,15.11,27,40797,-1
10:47:28,15.11,801,1210311,1
10:47:25,15.09,1,1509,-1
10:47:22,15.09,88,132792,1
10:47:19,15.06,33,49698,1
10:47:16,15.05,65,97825,1
10:47:13,15.0,456,684000,-1
10:47:10,15.04,231,347424,1
10:47:07,15.0,76,114000,-1
10:47:04,15.0,1258,1888350,1
10:47:01,14.94,155,231570,-1
10:46:58,14.95,170,254150,-1
10:46:55,14.95,168,251160,-1
10:46:52,14.95,59,88205,-1
10:46:49,14.95,456,681720,1
10:46:46,14.92,88,131296,1
10:46:43,14.9,63,93870,-1
10:46:40,14.9,29,43210,-1
10:46:37,14.92,314,469651,1
10:46:34,14.9,172,256280,1
10:46:31,14.9,14,20860,1
10:46:28,14.9,110,163900,1
10:46:22,14.89,12,17868,-1
10:46:19,14.9,3,4470,1
10:46:16,14.9,18,26820,1
10:46:13,14.89,10,14890,-1
10:46:10,14.9,40,59600,1
10:46:07,14.89,12,17868,1
10:46:04,14.86,30,44580,-1
10:46:01,14.88,20,29760,-1
10:45:58,14.89,20,29780,1
10:45:55,14.88,20,29760,-1
10:45:52,14.89,12,17868,1
10:45:49,14.89,87,129543,1
10:45:46,14.89,3,4467,1
10:45:43,14.88,80,119040,-1
10:45:40,14.88,28,41664,-1
10:45:37,14.89,70,104230,1
10:45:34,14.89,1,1489,1
10:45:25,14.88,2,2976,-1
10:45:19,14.89,18,26802,1
10:45:13,14.88,10,14880,-1
10:45:07,14.88,11,16368,-1
10:45:04,14.86,10,14860,-1
10:45:01,14.86,54,80244,-1
10:44:58,14.88,31,46128,1
10:44:55,14.85,22,32670,-1
10:44:52,14.85,35,51975,-1
10:44:49,14.85,10,14850,-1
10:44:46,14.85,10,14850,-1
10:44:43,14.85,42,62370,-1
10:44:40,14.88,50,74400,1
10:44:37,14.85,125,185625,-1
10:44:34,14.87,17,25279,-1
10:44:31,14.88,167,248496,1
10:44:28,14.88,40,59520,1
10:44:19,14.88,23,34224,1
10:44:16,14.87,25,37175,1
10:44:10,14.87,49,72863,1
10:44:07,14.87,5,7435,1
10:44:01,14.87,4,5948,1
10:43:55,14.88,0,0,1
10:43:52,14.88,8,11904,1
10:43:46,14.84,0,0,-1
10:43:43,14.84,10,14840,-1
10:43:40,14.85,1,1485,1
10:43:37,14.84,51,75684,-1
10:43:28,14.85,81,120285,-1
10:43:19,14.84,0,0,-1
10:43:13,14.84,20,29680,-1
10:43:10,14.84,11,16324,-1
10:43:07,14.82,0,0,-1
10:43:04,14.82,87,128934,-1
10:43:01,14.83,39,57837,-1
10:42:58,14.83,0,0,-1
10:42:55,14.83,471,698493,-1
10:42:52,14.87,2,2974,1
10:42:49,14.86,262,389332,-1
10:42:43,14.86,22,32692,-1
10:42:40,14.86,10,14860,-1
10:42:37,14.86,57,84702,1
10:42:34,14.85,17,25245,-1
10:42:28,14.85,8,11880,1
10:42:25,14.84,1,1484,-1
10:42:22,14.85,11,16335,1
10:42:19,14.84,10,14840,-1
10:42:13,14.85,33,49005,1
10:42:04,14.84,8,11872,-1
10:42:01,14.85,1,1485,1
10:41:58,14.85,6,8910,1
10:41:48,14.84,23,34132,-1
10:41:43,14.85,11,16335,1
10:41:22,14.85,10,14850,1
10:41:19,14.84,4,5936,-1
10:41:09,14.84,11,16324,1
10:41:07,14.84,2,2968,0
10:41:04,14.83,11,16313,-1
10:41:00,14.84,4,5936,1
10:40:57,14.84,4,5936,1
10:40:51,14.84,1,1484,1
10:40:45,14.85,3,4455,1
10:40:42,14.83,1,1483,-1
10:40:36,14.83,10,14830,-1
10:40:33,14.83,21,31143,-1
10:40:31,14.84,30,44520,-1
10:40:24,14.84,10,14840,1
10:40:21,14.84,44,65296,-1
10:40:18,14.84,12,17808,-1
10:40:15,14.84,12,17808,-1
10:40:09,14.83,21,31143,-1
10:40:03,14.83,10,14830,-1
10:40:00,14.84,107,158788,-1
10:39:57,14.85,6,8910,1
10:39:54,14.84,1,1484,-1
10:39:48,14.84,10,14840,-1
10:39:27,14.85,29,43065,-1
10:39:21,14.85,20,29700,-1
10:39:18,14.85,10,14850,-1
10:39:12,14.86,17,25262,1
10:39:09,14.85,1,1485,-1
10:39:03,14.85,2,2970,-1
10:39:00,14.86,1,1486,1
10:38:36,14.85,10,14850,-1
10:38:24,14.84,0,0,-1
10:38:06,14.84,29,43036,-1
10:38:00,14.86,2,2972,1
10:37:45,14.84,4,5936,-1
10:37:33,14.84,28,41552,-1
10:37:30,14.84,0,0,-1
10:37:27,14.84,1,1484,-1
10:37:24,14.86,3,4458,1
10:37:15,14.84,10,14840,-1
10:37:12,14.85,17,25245,1
10:37:06,14.84,11,16324,-1
10:37:00,14.85,2,2970,1
10:36:57,14.84,20,29680,-1
10:36:51,14.84,0,0,-1
10:36:48,14.84,22,32648,-1
10:36:45,14.84,10,14840,-1
10:36:39,14.84,26,38584,-1
10:36:36,14.85,12,17820,-1
10:36:30,14.86,1,1486,1
10:36:27,14.86,9,13374,1
10:36:24,14.85,100,148500,-1
10:36:06,14.85,24,35640,-1
10:36:00,14.85,2,2970,-1
10:35:57,14.86,1,1486,1
10:35:51,14.84,10,14840,-1
10:35:48,14.84,73,108332,-1
10:35:45,14.85,0,0,-1
10:35:41,14.85,14,20790,-1
10:35:36,14.84,0,0,-1
10:35:33,14.84,10,14840,-1
10:35:30,14.84,101,149884,-1
10:35:21,14.85,10,14850,-1
10:35:17,14.86,55,81730,1
10:35:14,14.86,22,32692,1
10:35:11,14.86,6,8916,1
10:35:05,14.84,10,14840,-1
10:35:00,14.84,10,14840,-1
10:34:53,14.84,12,17808,-1
10:34:50,14.86,3,4458,1
10:34:47,14.86,3,4458,1
10:34:35,14.86,5,7430,1
10:34:29,14.85,30,44550,-1
10:34:26,14.85,50,74250,-1
10:34:23,14.86,5,7430,1
10:34:20,14.86,2,2972,1
10:34:08,14.85,10,14850,-1
10:34:05,14.88,0,0,1
10:33:56,14.88,0,0,1
10:33:53,14.88,32,47616,1
10:33:50,14.84,10,14840,-1
10:33:47,14.84,23,34132,-1
10:33:44,14.86,15,22290,0
10:33:41,14.85,10,14850,-1
10:33:29,14.84,0,0,-1
10:33:26,14.84,10,14840,-1
10:33:20,14.84,11,16324,-1
10:33:17,14.84,20,29680,-1
10:33:11,14.84,23,34132,-1
10:33:05,14.88,55,81840,1
10:33:02,14.84,11,16324,-1
10:32:59,14.86,10,14860,-1
10:32:56,14.87,30,44610,-1
10:32:50,14.88,6,8928,1
10:32:47,14.87,85,126395,1
10:32:44,14.86,199,295714,-1
10:32:41,14.87,5,7435,1
10:32:35,14.87,30,44610,1
10:32:32,14.87,19,28253,1
10:32:29,14.86,10,14860,-1
10:32:23,14.86,1,1486,-1
10:32:20,14.87,1,1487,1
10:32:17,14.86,20,29720,-1
10:32:14,14.86,8,11888,-1
10:32:11,14.87,12,17844,1
10:32:08,14.87,16,23792,1
10:32:02,14.87,10,14870,1
10:31:53,14.87,22,32714,1
10:31:50,14.86,5,7430,-1
10:31:38,14.86,10,14860,-1
10:31:26,14.86,58,86188,1
10:31:17,14.86,0,0,1
10:31:11,14.86,20,29720,1
10:30:56,14.86,0,0,1
10:30:50,14.86,23,34178,1
10:30:44,14.83,20,29660,-1
10:30:35,14.84,14,20776,-1
10:30:32,14.84,20,29680,1
10:30:29,14.84,2,2968,1
10:30:26,14.84,76,112784,1
10:30:23,14.83,39,57837,-1
10:30:20,14.84,6,8904,1
10:30:17,14.84,3,4452,1
10:30:14,14.83,84,124572,1
10:30:11,14.83,11,16313,1
10:30:05,14.83,1,1483,1
10:30:02,14.82,53,78546,-1
10:29:59,14.83,10,14830,1
10:29:56,14.83,8,11864,1
10:29:53,14.83,2,2966,1
10:29:50,14.83,2,2966,1
10:29:47,14.83,2,2966,1
10:29:32,14.82,1,1482,-1
10:29:23,14.82,10,14820,-1
10:29:19,14.83,1,1483,1
10:29:17,14.83,5,7415,0
10:29:07,14.82,10,14820,-1
10:29:04,14.84,40,59360,1
10:29:02,14.82,1,1482,-1
10:28:58,14.84,18,26712,1
10:28:55,14.82,55,81510,-1
10:28:52,14.83,11,16313,-1
10:28:49,14.84,22,32648,1
10:28:46,14.83,81,120123,-1
10:28:40,14.83,54,80082,-1
10:28:37,14.83,147,218001,-1
10:28:31,14.84,224,332416,-1
10:28:28,14.84,0,0,-1
10:28:04,14.84,10,14840,-1
10:27:58,14.84,11,16324,-1
10:27:55,14.86,1,1486,-1
10:27:52,14.86,20,29720,-1
10:27:49,14.87,1,1487,1
10:27:46,14.84,10,14840,-1
10:27:43,14.84,11,16324,-1
10:27:37,14.84,21,31164,-1
10:27:31,14.84,90,133560,-1
10:27:28,14.86,6,8916,1
10:27:22,14.85,41,60885,-1
10:27:19,14.85,20,29700,-1
10:27:16,14.85,20,29700,0
10:27:13,14.84,38,56392,-1
10:27:10,14.85,5,7425,1
10:27:07,14.84,37,54908,-1
10:27:04,14.84,10,14840,-1
10:27:01,14.84,60,89040,-1
10:26:58,14.85,75,111375,-1
10:26:55,14.84,55,81620,-1
10:26:49,14.84,0,0,-1
10:26:46,14.84,14,20776,-1
10:26:43,14.86,401,595886,1
10:26:37,14.85,3,4455,-1
10:26:34,14.85,10,14850,-1
10:26:31,14.85,10,14850,-1
10:26:25,14.85,10,14850,-1
10:26:13,14.85,20,29700,-1
10:26:10,14.85,26,38610,-1
10:26:07,14.85,10,14850,-1
10:26:01,14.85,26,38610,-1
10:25:58,14.85,1,1485,-1
10:25:52,14.86,10,14860,1
10:25:49,14.85,2,2970,-1
10:25:46,14.85,35,51975,-1
10:25:43,14.85,24,35640,-1
10:25:37,14.85,10,14850,-1
10:25:34,14.86,1,1486,1
10:25:31,14.85,34,50490,-1
10:25:25,14.85,122,181170,-1
10:25:22,14.85,0,0,-1
10:25:19,14.85,10,14850,-1
10:25:13,14.85,21,31185,-1
10:25:07,14.87,22,32714,1
10:25:04,14.87,45,66915,1
10:24:58,14.85,10,14850,-1
10:24:55,14.86,3,4458,-1
10:24:52,14.86,5,7430,-1
10:24:49,14.87,3,4461,1
10:24:37,14.86,9,13374,1
10:24:22,14.86,9,13374,1
10:24:13,14.85,10,14850,-1
10:24:07,14.85,21,31185,-1
10:24:04,14.85,15,22275,-1
10:24:00,14.85,18,26730,-1
10:23:58,14.85,27,40095,-1
10:23:52,14.86,21,31206,0
10:23:49,14.85,20,29700,-1
10:23:42,14.86,127,188722,-1
10:23:28,14.87,1,1487,1
10:23:19,14.87,11,16357,1
10:23:10,14.86,3,4458,-1
10:23:03,14.86,10,14860,-1
10:22:57,14.86,15,22290,-1
10:22:51,14.86,11,16346,-1
10:22:48,14.86,13,19318,1
10:22:42,14.86,72,106992,-1
10:22:40,14.86,1,1486,-1
10:22:36,14.86,5,7430,-1
10:22:30,14.85,0,0,-1
10:22:27,14.85,10,14850,-1
10:22:24,14.88,7,10416,1
10:22:12,14.88,5,7440,1
10:22:09,14.85,10,14850,-1
10:22:03,14.85,10,14850,-1
10:21:57,14.86,10,14860,-1
10:21:51,14.88,11,16368,1
10:21:48,14.86,23,34178,-1
10:21:45,14.86,4,5944,-1
10:21:42,14.88,2,2976,1
10:21:36,14.86,56,83216,-1
10:21:21,14.86,6,8916,1
10:21:09,14.85,12,17820,-1
10:21:06,14.86,10,14860,1
10:20:57,14.86,15,22290,1
10:20:54,14.86,68,101048,-1
10:20:48,14.88,10,14880,1
10:20:42,14.86,21,31206,-1
10:20:39,14.85,0,0,-1
10:20:33,14.85,32,47520,-1
10:20:27,14.85,10,14850,-1
10:20:21,14.85,124,184140,-1
10:20:18,14.87,34,50558,-1
10:20:12,14.88,11,16368,-1
10:20:09,14.88,11,16368,-1
10:20:03,14.88,10,14880,-1
10:19:57,14.88,10,14880,-1
10:19:54,14.88,25,37200,1
10:19:45,14.86,4,5944,-1
10:19:42,14.86,21,31206,-1
10:19:39,14.87,4,5948,1
10:19:33,14.86,10,14860,-1
10:19:30,14.87,2,2974,-1
10:19:27,14.87,10,14870,-1
10:19:18,14.85,0,0,-1
10:19:15,14.85,10,14850,-1
10:19:12,14.86,24,35664,-1
10:19:09,14.86,3,4458,-1
10:19:00,14.86,46,68356,-1
10:18:57,14.86,0,0,-1
10:18:54,14.86,16,23776,-1
10:18:51,14.86,21,31206,-1
10:18:48,14.86,2,2972,-1
10:18:45,14.86,2,2972,-1
10:18:42,14.87,12,17844,1
10:18:39,14.86,36,53496,-1
10:18:36,14.87,40,59480,1
10:18:33,14.86,1,1486,-1
10:18:30,14.86,3,4458,-1
10:18:27,14.87,15,22305,1
10:18:24,14.86,125,185750,-1
10:18:18,14.86,55,81730,-1
10:18:14,14.87,281,417847,-1
10:18:09,14.88,10,14880,-1
10:18:00,14.88,0,0,-1
10:17:56,14.88,37,55056,-1
10:17:51,14.9,10,14900,1
10:17:48,14.88,0,0,-1
10:17:45,14.88,66,98208,-1
10:17:41,14.9,1,1490,1
10:17:32,14.89,44,65516,1
10:17:23,14.89,18,26802,1
10:17:20,14.89,8,11912,-1
10:17:05,14.9,10,14900,1
10:16:59,14.9,8,11920,1
10:16:56,14.87,0,0,-1
10:16:47,14.87,10,14870,-1
10:16:44,14.9,4,6287,-1
10:16:38,14.9,29,43210,-1
10:16:35,14.9,20,30962,1
10:16:23,14.9,11,16390,1
10:16:20,14.87,11,16357,-1
10:16:11,14.9,2,2980,1
10:16:08,14.87,48,71376,-1
10:16:02,14.88,10,14880,0
10:15:59,14.9,104,154960,1
10:15:53,14.87,15,22305,-1
10:15:50,14.9,1,1490,1
10:15:47,14.86,18,26748,-1
10:15:44,14.9,24,35760,1
10:15:38,14.87,10,14870,-1
10:15:35,14.88,11,16368,-1
10:15:29,14.9,49,73010,1
10:15:26,14.9,1,1490,1
10:15:23,14.88,15,22320,1
10:15:14,14.86,36,53496,-1
10:15:11,14.86,20,29720,-1
10:15:08,14.9,0,0,1
10:15:05,14.9,30,44700,1
10:14:59,14.9,81,120690,1
10:14:56,14.85,14,20790,-1
10:14:50,14.85,13,19305,-1
10:14:47,14.85,38,56430,-1
10:14:44,14.85,0,0,-1
10:14:41,14.85,25,37125,-1
10:14:38,14.86,22,32692,-1
10:14:32,14.85,10,14850,-1
10:14:29,14.9,196,292040,1
10:14:26,14.85,68,100980,-1
10:14:20,14.9,54,80460,1
10:14:17,14.86,10,14860,-1
10:14:14,14.86,0,0,-1
10:14:05,14.86,350,520100,-1
10:14:02,14.89,10,14890,-1
10:13:56,14.87,10,14870,-1
10:13:53,14.87,11,16357,-1
10:13:50,14.89,30,44670,1
10:13:47,14.87,14,20818,-1
10:13:41,14.87,20,29740,-1
10:13:38,14.89,30,44670,0
10:13:32,14.88,25,37200,-1
10:13:29,14.89,31,46159,-1
10:13:23,14.89,3,4467,1
10:13:11,14.87,0,0,-1
10:13:08,14.87,25,37175,-1
10:13:05,14.87,20,29740,-1
10:12:59,14.87,21,31227,-1
10:12:56,14.88,14,20832,0
10:12:53,14.87,13,19331,-1
10:12:50,14.87,25,37175,-1
10:12:44,14.88,6,8928,-1
10:12:41,14.87,0,0,-1
10:12:38,14.87,0,0,-1
10:12:35,14.87,30,44610,-1
10:12:29,14.9,33,49170,1
10:12:26,14.9,1,1490,1
10:12:20,14.88,10,14880,-1
10:12:14,14.88,30,44640,-1
10:12:08,14.9,25,37250,1
10:12:05,14.9,5,7450,1
10:12:01,14.89,10,14890,-1
10:11:59,14.89,131,195059,-1
10:11:56,14.89,2,2978,-1
10:11:53,14.89,10,14890,-1
10:11:47,14.89,102,151878,-1
10:11:44,14.89,23,34247,-1
10:11:40,14.89,2,2978,-1
10:11:37,14.89,10,14890,-1
10:11:31,14.89,2,2978,-1
10:11:28,14.89,11,16379,-1
10:11:26,14.9,43,64070,1
10:11:23,14.88,4,5952,1
10:11:19,14.87,13,19331,-1
10:11:16,14.9,11,16390,1
10:11:14,14.88,20,29760,-1
10:11:10,14.89,5,7445,1
10:11:04,14.88,10,14880,-1
10:11:01,14.88,13,19344,-1
10:10:58,14.89,87,129543,-1
10:10:55,14.89,10,14890,-1
10:10:52,14.89,20,29780,-1
10:10:49,14.89,21,31269,-1
10:10:43,14.89,1,1489,-1
10:10:40,14.89,47,69983,1
10:10:31,14.89,2,2978,1
10:10:28,14.88,3,4464,1
10:10:25,14.88,10,14880,0
10:10:19,14.89,10,14890,1
10:10:16,14.87,11,16357,-1
10:10:13,14.87,10,14870,-1
10:10:10,14.87,20,29740,-1
10:10:04,14.88,10,14880,-1
10:10:01,14.88,74,110112,1
10:09:58,14.88,5,7440,1
10:09:55,14.89,0,0,1
10:09:49,14.89,1,1489,1
10:09:46,14.87,24,35688,-1
10:09:43,14.88,3,4464,1
10:09:37,14.86,26,38636,-1
10:09:31,14.86,22,32692,-1
10:09:28,14.86,34,50524,1
10:09:25,14.86,2,2972,1
10:09:22,14.85,21,31185,-1
10:09:16,14.86,16,23776,-1
10:09:13,14.85,0,0,-1
10:09:10,14.85,0,0,-1
10:09:07,14.85,112,166320,-1
10:09:04,14.9,100,149000,1
10:09:01,14.86,10,14860,-1
10:08:58,14.86,51,75786,-1
10:08:52,14.87,12,17844,-1
10:08:49,14.87,11,16357,-1
10:08:46,14.87,20,29740,-1
10:08:43,14.87,11,16357,-1
10:08:39,14.87,34,50558,0
10:08:37,14.85,38,56430,-1
10:08:31,14.85,10,14850,-1
10:08:28,14.87,17,25279,1
10:08:24,14.85,10,14850,-1
10:08:22,14.86,20,29720,-1
10:08:18,14.87,2,2974,1
10:08:16,14.85,0,0,-1
10:08:13,14.85,45,66825,-1
10:08:10,14.86,17,25262,-1
10:08:04,14.86,37,54982,-1
10:07:58,14.86,66,98076,-1
10:07:55,14.86,10,14860,-1
10:07:52,14.87,14,20818,1
10:07:49,14.86,20,29720,-1
10:07:43,14.86,95,141170,-1
10:07:40,14.86,10,14860,-1
10:07:34,14.86,94,139684,-1
10:07:31,14.86,10,14860,-1
10:07:25,14.86,61,90646,1
10:07:22,14.86,22,32692,1
10:07:16,14.85,25,37125,-1
10:07:13,14.85,12,17820,-1
10:07:10,14.85,1,1485,-1
10:07:04,14.85,23,34155,-1
10:06:58,14.86,5,7430,1
10:06:54,14.85,27,40095,-1
10:06:52,14.86,8,11888,1
10:06:48,14.86,30,44580,-1
10:06:46,14.87,6,8922,1
10:06:40,14.87,10,14870,1
10:06:37,14.86,41,60926,-1
10:06:33,14.87,1,1487,1
10:06:31,14.87,19,28253,-1
10:06:27,14.86,0,0,-1
10:06:21,14.86,198,294228,-1
10:06:18,14.88,7,10416,1
10:06:15,14.87,43,63941,-1
10:06:12,14.87,25,37175,-1
10:06:10,14.87,27,40149,-1
10:06:06,14.88,1,1488,1
10:06:03,14.87,10,14870,-1
10:05:57,14.87,14,20818,-1
10:05:51,14.87,10,14870,-1
10:05:45,14.87,10,14870,-1
10:05:39,14.87,2,2974,-1
10:05:37,14.87,13,19331,-1
10:05:34,14.88,12,17856,1
10:05:27,14.89,2,2978,1
10:05:24,14.88,10,14880,-1
10:05:22,14.89,4,5956,1
10:05:18,14.89,0,0,1
10:05:12,14.89,5,7445,1
10:05:09,14.87,13,19331,-1
10:05:06,14.87,22,32714,-1
10:05:00,14.87,13,19331,-1
10:04:57,14.88,30,44640,-1
10:04:51,14.88,32,47616,-1
10:04:48,14.88,230,342240,1
10:04:42,14.86,21,31206,-1
10:04:36,14.87,24,35688,1
10:04:30,14.86,3,4458,-1
10:04:27,14.87,113,168031,1
10:04:24,14.87,3,4461,1
10:04:09,14.86,53,78758,-1
10:03:57,14.86,10,14860,-1
10:03:51,14.87,6,8922,1
10:03:48,14.85,41,60885,-1
10:03:39,14.85,10,14850,-1
10:03:33,14.85,11,16335,-1
10:03:27,14.86,15,22290,1
10:03:24,14.85,50,74250,-1
10:03:18,14.85,1,1485,-1
10:03:15,14.86,85,126310,-1
10:03:06,14.86,11,16346,-1
10:03:03,14.86,14,20804,1
10:02:57,14.86,5,7430,1
10:02:54,14.86,5,7430,1
10:02:48,14.86,24,35664,1
10:02:39,14.86,2,2972,1
10:02:36,14.85,132,196020,-1
10:02:33,14.85,9,13365,-1
10:02:30,14.86,17,25262,1
10:02:27,14.86,2,2972,1
10:02:24,14.86,16,23776,1
10:02:21,14.85,10,14850,-1
10:02:18,14.85,10,14850,-1
10:02:15,14.86,20,29720,1
10:02:12,14.85,10,14850,-1
10:02:06,14.85,0,0,-1
10:02:03,14.85,10,14850,-1
10:01:48,14.85,160,237600,-1
10:01:45,14.85,10,14850,-1
10:01:42,14.86,1,1486,-1
10:01:36,14.86,15,22290,1
10:01:33,14.86,5,7430,1
10:01:27,14.86,16,23776,1
10:01:24,14.86,1,1486,1
10:01:21,14.86,63,93618,-1
10:01:18,14.87,28,41636,1
10:01:06,14.86,10,14860,-1
10:01:03,14.87,90,133830,1
10:01:00,14.86,12,17832,1
10:00:57,14.85,11,16335,-1
10:00:54,14.86,124,184264,-1
10:00:45,14.86,10,14860,-1
10:00:42,14.86,53,78758,-1
10:00:39,14.87,10,14870,1
10:00:36,14.86,32,47552,-1
10:00:33,14.86,10,14860,-1
10:00:29,14.86,15,22290,-1
10:00:23,14.87,4,5948,1
10:00:21,14.86,49,72814,1
10:00:17,14.85,2,2970,-1
10:00:15,14.86,1,1486,1
10:00:03,14.86,8,11888,1
09:59:54,14.85,24,35640,-1
09:59:47,14.85,25,37125,-1
09:59:44,14.85,0,0,-1
09:59:42,14.85,23,34155,-1
09:59:32,14.86,3,4458,-1
09:59:26,14.87,2,2974,1
09:59:23,14.86,39,57954,1
09:59:20,14.86,13,19318,1
09:59:17,14.85,1,1485,-1
09:59:14,14.85,1,1485,-1
09:59:11,14.86,10,14860,1
09:59:08,14.85,13,19305,-1
09:59:02,14.85,3,4455,-1
09:58:53,14.86,19,28234,1
09:58:50,14.85,1,1485,-1
09:58:47,14.85,11,16335,-1
09:58:44,14.85,2,2970,-1
09:58:38,14.85,6,8910,-1
09:58:34,14.85,1,1485,-1
09:58:29,14.85,1,1485,-1
09:58:26,14.85,42,62370,-1
09:58:23,14.86,10,14860,1
09:58:20,14.86,3,4458,1
09:58:14,14.85,1,1485,-1
09:58:08,14.86,3,4458,1
09:58:05,14.86,48,71328,-1
09:58:02,14.86,10,14860,-1
09:57:59,14.86,5,7430,-1
09:57:50,14.86,31,46066,1
09:57:47,14.86,12,17832,-1
09:57:41,14.87,0,0,1
09:57:38,14.87,31,46097,1
09:57:35,14.86,37,54982,-1
09:57:23,14.86,17,25262,-1
09:57:19,14.86,82,121852,-1
09:57:17,14.87,2,2974,1
09:57:11,14.86,8,12274,1
09:57:08,14.86,2,2972,1
09:57:05,14.86,19,29333,-1
09:57:02,14.86,14,20804,-1
09:56:56,14.86,23,34564,1
09:56:53,14.85,6,8910,-1
09:56:50,14.86,20,29720,1
09:56:47,14.85,50,74250,-1
09:56:38,14.86,300,445800,1
09:56:26,14.86,37,54982,1
09:56:20,14.86,3,4458,1
09:56:05,14.85,1,1485,-1
09:56:02,14.85,6,8910,-1
09:55:56,14.86,10,14860,1
09:55:50,14.85,5,7425,-1
09:55:40,14.85,1,1485,1
09:55:38,14.85,2,2970,1
09:55:32,14.84,0,0,-1
09:55:29,14.84,95,140980,-1
09:55:22,14.86,34,50524,1
09:55:20,14.86,17,25262,1
09:55:17,14.86,1,1486,1
09:55:14,14.85,2,2970,1
09:55:11,14.84,31,46004,-1
09:55:02,14.85,2,2970,1
09:54:53,14.85,2,2970,1
09:54:43,14.85,48,71280,-1
09:54:29,14.85,55,81675,-1
09:54:13,14.86,4,5944,1
09:54:10,14.85,5,7425,-1
09:54:02,14.85,9,13365,-1
09:53:52,14.85,58,86130,1
09:53:49,14.84,4,5936,-1
09:53:46,14.84,104,154336,-1
09:53:19,14.85,50,74250,1
09:53:13,14.84,10,14840,-1
09:53:10,14.85,2,2970,1
09:53:01,14.85,27,40095,-1
09:52:55,14.85,16,23760,-1
09:52:52,14.85,15,22275,1
09:52:49,14.84,7,10388,-1
09:52:46,14.84,20,29680,-1
09:52:43,14.85,10,14850,1
09:52:37,14.86,0,0,1
09:52:34,14.86,0,0,1
09:52:25,14.86,302,448772,1
09:52:22,14.84,2,2968,-1
09:52:19,14.84,1,1484,-1
09:52:16,14.84,13,19292,-1
09:52:07,14.86,2,2972,1
09:51:58,14.86,33,49038,1
09:51:55,14.84,20,29680,-1
09:51:52,14.84,26,38584,-1
09:51:46,14.86,5,7430,1
09:51:43,14.86,5,7430,1
09:51:40,14.86,26,39735,-1
09:51:37,14.86,4,5944,-1
09:51:31,14.86,50,74300,-1
09:51:25,14.87,3,4461,1
09:51:22,14.86,3,4458,-1
09:51:19,14.86,13,19704,1
09:51:16,14.86,2,4071,-1
09:51:13,14.87,7,10409,1
09:51:10,14.86,214,318004,1
09:51:01,14.85,0,0,-1
09:50:54,14.85,6,8910,-1
09:50:51,14.85,10,14850,-1
09:50:48,14.86,1,1486,-1
09:50:45,14.86,1,1486,0
09:50:36,14.85,56,83546,-1
09:50:27,14.85,0,0,-1
09:50:21,14.85,61,90585,-1
09:50:18,14.85,15,22275,-1
09:50:15,14.86,53,78758,1
09:50:06,14.85,0,0,-1
09:49:57,14.85,357,530145,-1
09:49:48,14.88,63,93744,1
09:49:45,14.86,28,41608,-1
09:49:39,14.86,25,37150,-1
09:49:21,14.86,693,1029798,-1
09:49:18,14.87,4,5948,1
09:49:15,14.87,2,2974,1
09:49:12,14.86,65,96590,-1
09:49:09,14.87,9,13383,1
09:48:57,14.87,5,7435,1
09:48:51,14.86,2,2972,-1
09:48:48,14.86,10,14860,-1
09:48:45,14.86,25,37150,-1
09:48:42,14.87,9,13383,1
09:48:39,14.87,10,14870,1
09:48:36,14.86,1,1486,-1
09:48:33,14.86,10,14860,-1
09:48:30,14.87,12,17844,1
09:48:27,14.86,5,7430,-1
09:48:24,14.87,5,7435,1
09:48:21,14.86,0,0,-1
09:48:09,14.86,27,40122,-1
09:48:06,14.88,1,1488,1
09:48:03,14.87,0,0,1
09:48:00,14.87,1,1487,1
09:47:57,14.86,118,175348,-1
09:47:54,14.86,39,57954,-1
09:47:51,14.86,38,56468,1
09:47:48,14.85,42,62370,-1
09:47:39,14.86,21,31206,1
09:47:36,14.85,71,105435,-1
09:47:21,14.86,270,401220,-1
09:47:15,14.87,6,8922,1
09:47:12,14.86,5,7430,-1
09:47:06,14.87,10,14870,1
09:46:54,14.87,24,35688,-1
09:46:51,14.87,60,89220,-1
09:46:48,14.87,27,40149,-1
09:46:41,14.88,2,2976,1
09:46:36,14.87,4,5948,-1
09:46:23,14.87,2,2974,-1
09:46:18,14.87,22,32714,-1
09:46:14,14.88,10,14880,1
09:46:03,14.87,76,113012,-1
09:45:47,14.88,5,7440,1
09:45:42,14.88,172,255936,-1
09:45:39,14.89,10,14890,1
09:45:32,14.88,17,25296,-1
09:45:30,14.89,3,4467,1
09:45:11,14.89,26,38714,-1
09:45:03,14.89,26,38714,1
09:44:59,14.89,25,37225,1
09:44:56,14.89,7,10423,1
09:44:38,14.89,5,7445,1
09:44:33,14.89,22,32758,1
09:44:29,14.88,2,2976,-1
09:44:23,14.89,2,2978,1
09:44:20,14.88,1,1488,-1
09:44:11,14.89,10,14890,1
09:44:08,14.88,28,41664,-1
09:44:05,14.89,10,14890,1
09:43:56,14.89,5,7445,1
09:43:44,14.89,6,8934,1
09:43:38,14.88,20,29760,-1
09:43:29,14.88,6,8928,-1
09:43:26,14.89,23,34247,1
09:43:20,14.89,3,4467,1
09:43:14,14.88,10,14880,-1
09:43:11,14.88,8,11904,-1
09:43:08,14.89,2,2978,1
09:42:59,14.89,20,29780,1
09:42:56,14.89,3,4467,1
09:42:53,14.89,28,41692,-1
09:42:47,14.9,15,22350,1
09:42:41,14.9,454,676460,-1
09:42:32,14.91,1,1491,1
09:42:29,14.9,31,46190,-1
09:42:26,14.9,37,55130,1
09:42:23,14.89,2,2978,1
09:42:20,14.88,7,10416,-1
09:42:08,14.9,29,43210,1
09:42:05,14.89,102,151878,-1
09:41:47,14.89,2,2978,-1
09:41:41,14.89,8,11912,-1
09:41:26,14.89,16,23824,-1
09:41:14,14.9,12,17880,1
09:41:10,14.89,6,8934,-1
09:41:07,14.89,2,2978,-1
09:40:58,14.89,10,14890,-1
09:40:52,14.9,29,43210,1
09:40:44,14.9,58,86420,1
09:40:40,14.89,13,19357,-1
09:40:35,14.9,7,10430,-1
09:40:31,14.91,32,47712,1
09:40:28,14.91,100,149100,1
09:40:25,14.89,6,8934,-1
09:40:22,14.89,2,2978,-1
09:40:19,14.9,24,35760,-1
09:40:16,14.9,3,4470,-1
09:40:13,14.91,9,13419,1
09:40:10,14.9,2,2980,-1
09:40:07,14.9,62,92380,-1
09:39:55,14.91,20,29820,1
09:39:49,14.9,184,274160,-1
09:39:43,14.91,31,46221,1
09:39:37,14.9,2,2980,-1
09:39:25,14.91,3,4473,-1
09:39:22,14.91,226,336966,-1
09:39:19,14.91,10,14910,-1
09:39:16,14.91,10,14910,-1
09:39:10,14.92,1,1492,1
09:39:04,14.91,40,59640,-1
09:39:01,14.91,30,44730,-1
09:38:58,14.92,18,26856,1
09:38:49,14.92,14,20888,-1
09:38:40,14.93,17,25381,1
09:38:37,14.93,46,68678,1
09:38:34,14.92,0,0,0
09:38:31,14.92,360,537120,-1
09:38:25,14.93,17,25381,1
09:38:19,14.93,3,4479,1
09:38:16,14.92,27,40284,-1
09:38:10,14.92,32,47744,-1
09:38:07,14.93,26,38818,1
09:38:04,14.92,37,55204,-1
09:38:01,14.92,15,22380,-1
09:37:58,14.93,235,350855,1
09:37:52,14.93,6,8958,1
09:37:49,14.92,2,2984,-1
09:37:43,14.92,18,26856,-1
09:37:40,14.92,20,29840,-1
09:37:37,14.91,0,0,-1
09:37:34,14.91,2,2982,-1
09:37:31,14.92,5,7460,1
09:37:28,14.92,8,11936,-1
09:37:25,14.92,8,11936,1
09:37:22,14.92,39,58188,-1
09:37:19,14.92,36,53712,-1
09:37:13,14.92,2,2984,-1
09:37:10,14.92,43,64156,1
09:37:07,14.91,85,126735,-1
09:37:04,14.92,16,23872,1
09:37:01,14.91,2,2982,-1
09:36:58,14.91,3,4473,-1
09:36:55,14.92,50,74600,1
09:36:46,14.91,58,86478,-1
09:36:43,14.91,60,89460,1
09:36:37,14.91,15,22365,-1
09:36:31,14.91,6,8946,-1
09:36:22,14.91,6,8946,-1
09:36:19,14.91,10,14910,-1
09:36:16,14.91,22,32802,-1
09:36:13,14.91,5,7455,-1
09:36:07,14.91,2,2982,-1
09:36:04,14.91,2,2982,-1
09:36:01,14.92,200,298400,1
09:35:52,14.91,12,17892,-1
09:35:43,14.91,30,44730,-1
09:35:34,14.91,70,104370,-1
09:35:31,14.91,78,116298,1
09:35:19,14.91,2,2982,1
09:35:13,14.91,3,4473,0
09:35:10,14.9,36,53640,-1
09:35:07,14.9,0,0,-1
09:35:04,14.9,81,120690,-1
09:35:01,14.91,11,16401,-1
09:34:58,14.92,177,264084,-1
09:34:49,14.92,3,4476,-1
09:34:43,14.93,31,46283,1
09:34:40,14.93,11,16423,1
09:34:31,14.93,3,4479,1
09:34:28,14.93,51,76143,1
09:34:25,14.92,2,2984,-1
09:34:22,14.92,9,13428,-1
09:34:19,14.92,9,13428,-1
09:34:16,14.93,5,7465,0
09:34:13,14.94,332,496008,1
09:34:10,14.92,19,28348,-1
09:34:07,14.93,1,1493,1
09:34:04,14.93,36,53748,1
09:34:01,14.92,26,38792,-1
09:33:58,14.92,7,10444,-1
09:33:55,14.92,109,162628,-1
09:33:52,14.93,29,43297,1
09:33:45,14.92,10,14920,-1
09:33:42,14.93,23,34339,1
09:33:39,14.92,10,14920,1
09:33:36,14.92,7,10444,-1
09:33:33,14.93,20,29860,-1
09:33:30,14.93,5,7465,-1
09:33:27,14.93,38,56734,1
09:33:24,14.92,10,14920,-1
09:33:22,14.93,84,125412,1
09:33:18,14.92,10,14920,-1
09:33:15,14.93,22,32846,1
09:33:09,14.92,40,59680,-1
09:33:06,14.92,54,80568,1
09:33:03,14.92,4,5968,1
09:33:00,14.92,16,23872,1
09:32:54,14.91,15,22365,-1
09:32:51,14.91,120,178920,1
09:32:45,14.91,1,1491,1
09:32:36,14.9,79,117710,1
09:32:33,14.9,35,52150,1
09:32:30,14.89,1,1489,-1
09:32:27,14.9,7,10430,1
09:32:24,14.9,20,29800,1
09:32:18,14.9,8,11920,1
09:32:15,14.89,1,1489,-1
09:32:12,14.89,4,5956,-1
09:32:09,14.9,7,10430,1
09:32:06,14.89,1,1489,-1
09:32:00,14.89,11,16379,-1
09:31:57,14.9,16,23840,1
09:31:39,14.9,64,95360,1
09:31:36,14.9,4,5960,1
09:31:30,14.88,8,11904,-1
09:31:27,14.9,13,19370,1
09:31:24,14.9,3,4470,1
09:31:21,14.9,2,2980,1
09:31:18,14.9,5,7450,1
09:31:15,14.88,1,1488,-1
09:31:12,14.9,6,8940,-1
09:31:09,14.88,1,1488,0
09:31:06,14.88,117,174096,-1
09:31:03,14.89,34,50626,-1
09:31:00,14.89,78,116142,0
09:30:57,14.88,7,10416,-1
09:30:53,14.89,10,14890,-1
09:30:51,14.89,40,59560,1
09:30:48,14.88,61,90768,-1
09:30:45,14.88,50,74400,-1
09:30:42,14.9,0,0,1
09:30:38,14.9,3,4470,1
09:30:36,14.89,9,13401,-1
09:30:27,14.89,10,14890,-1
09:30:21,14.89,41,61049,1
09:30:14,14.88,1,1488,-1
09:30:12,14.89,74,110186,1
09:30:09,14.87,60,89220,-1
09:30:02,14.87,137,203719,1
09:29:03,14.87,0,0,1
09:25:03,14.87,261,388107,1
