timestamp,price,volume,turnover,direction
15:00:00,15.19,0,0,-1
15:00:00,15.2,0,0,1
14:59:59,15.2,28,42560,1
14:59:56,15.2,307,466640,1
14:59:47,15.19,136,206584,1
14:59:41,15.19,16,24304,1
14:59:38,15.19,210,318990,-1
14:59:35,15.19,57,86583,-1
14:59:32,15.2,2,3040,1
14:59:29,15.2,8,12160,1
14:59:23,15.19,21,31899,-1
14:59:20,15.19,20,30380,-1
14:59:17,15.2,3,4560,1
14:59:14,15.19,10,15190,-1
14:59:11,15.19,150,227850,-1
14:59:08,15.19,13,19747,-1
14:58:59,15.19,16,24304,-1
14:58:56,15.19,10,15190,-1
14:58:47,15.19,23,34937,-1
14:58:43,15.19,64,97216,1
14:58:38,15.18,23,34914,-1
14:58:35,15.19,3,4557,1
14:58:32,15.19,8,12152,-1
14:58:29,15.19,5,7595,-1
14:58:26,15.18,21,31878,-1
14:58:22,15.19,28,42532,1
14:58:19,15.18,16,24288,-1
14:58:04,15.19,80,121520,1
14:57:58,15.18,10,15180,-1
14:57:52,15.18,10,15180,-1
14:57:46,15.18,30,45540,-1
14:57:40,15.19,50,75950,1
14:57:37,15.19,6,9114,1
14:57:34,15.18,7,10626,-1
14:57:28,15.18,105,159390,-1
14:57:22,15.19,20,30380,1
14:57:19,15.18,13,19734,-1
14:57:13,15.19,4,6076,1
14:57:04,15.18,6,9108,-1
14:57:01,15.19,21,31899,1
14:56:49,15.2,8,12160,1
14:56:19,15.2,31,47120,1
14:56:16,15.2,126,191520,1
14:56:10,15.2,9,13680,-1
14:56:07,15.2,4,6080,-1
14:56:04,15.2,17,25840,1
14:56:01,15.19,1,1519,-1
14:55:46,15.2,50,76000,-1
14:55:43,15.2,25,38000,-1
14:55:40,15.2,7,10640,-1
14:55:34,15.2,4,6080,-1
14:55:19,15.2,4,6080,-1
14:55:16,15.2,4,6080,-1
14:55:07,15.21,5,7605,1
14:55:04,15.21,137,208377,-1
14:54:55,15.21,4,6084,-1
14:54:52,15.21,4,6084,-1
14:54:49,15.21,12,18252,-1
14:54:43,15.21,12,18252,-1
14:54:37,15.21,18,27378,-1
14:54:31,15.21,9,13689,-1
14:54:28,15.21,14,21294,-1
14:54:25,15.21,2,3042,-1
14:54:22,15.22,15,22830,1
14:54:16,15.21,38,57798,-1
14:54:13,15.22,5,7610,-1
14:54:10,15.22,1,1522,-1
14:54:07,15.22,18,27396,1
14:54:04,15.21,6,9126,-1
14:54:01,15.22,9,13698,1
14:53:49,15.22,6,9132,1
14:53:46,15.21,7,10647,-1
14:53:43,15.22,12,18264,-1
14:53:40,15.22,36,54792,-1
14:53:37,15.22,3,4566,-1
14:53:31,15.22,136,206992,-1
14:53:28,15.22,22,33484,-1
14:53:25,15.22,6,9132,-1
14:53:22,15.22,11,16742,-1
14:53:19,15.22,4,6088,-1
14:53:16,15.22,4,6088,-1
14:53:13,15.22,102,155244,-1
14:53:07,15.22,29,44138,1
14:53:04,15.22,0,0,0
14:52:58,15.22,26,39572,-1
14:52:55,15.22,8,12176,-1
14:52:52,15.22,6,9132,-1
14:52:43,15.22,10,15220,-1
14:52:40,15.22,20,30440,-1
14:52:37,15.22,52,79144,-1
14:52:34,15.22,8,12176,-1
14:52:31,15.22,68,103496,-1
14:52:28,15.22,30,45660,-1
14:52:25,15.22,60,91320,-1
14:52:22,15.22,2,3044,-1
14:52:18,15.22,79,120238,-1
14:52:09,15.22,15,22830,1
14:52:07,15.22,7,10654,-1
14:52:03,15.22,17,25874,1
14:52:01,15.22,10,15220,1
14:51:58,15.22,1,1522,1
14:51:49,15.22,31,47182,-1
14:51:45,15.22,97,147634,1
14:51:42,15.21,14,21294,-1
14:51:40,15.22,19,28918,1
14:51:33,15.21,35,53235,-1
14:51:30,15.22,3,4566,1
14:51:27,15.22,2,3044,1
14:51:25,15.21,4,6084,-1
14:51:19,15.22,94,143068,-1
14:51:15,15.22,8,12176,-1
14:51:12,15.22,3,4566,-1
14:50:57,15.22,4,6088,-1
14:50:54,15.22,19,28918,1
14:50:48,15.22,26,39572,-1
14:50:42,15.23,200,304600,1
14:50:39,15.22,10,15220,-1
14:50:33,15.22,3,4566,-1
14:50:30,15.22,8,12176,-1
14:50:27,15.22,126,191772,-1
14:50:24,15.22,8,12176,-1
14:50:18,15.22,10,15220,-1
14:50:09,15.22,9,13698,-1
14:50:06,15.22,10,15220,-1
14:50:00,15.22,10,15220,-1
14:49:57,15.22,73,111106,1
14:49:45,15.21,9,13689,-1
14:49:42,15.22,30,45660,1
14:49:39,15.22,26,39572,-1
14:49:36,15.22,9,13698,-1
14:49:33,15.22,22,33484,-1
14:49:30,15.22,4,6088,-1
14:49:27,15.22,3,4566,-1
14:49:24,15.22,17,25874,-1
14:49:21,15.22,72,109584,1
14:49:18,15.21,4,6084,-1
14:49:15,15.21,24,36504,-1
14:49:12,15.21,24,36504,-1
14:49:06,15.21,4,6084,-1
14:49:00,15.22,120,182640,1
14:48:57,15.22,15,22830,1
14:48:54,15.21,10,15210,-1
14:48:51,15.21,28,42588,-1
14:48:45,15.21,5,7605,-1
14:48:42,15.22,31,47182,1
14:48:36,15.21,14,21294,-1
14:48:33,15.21,20,30420,-1
14:48:30,15.22,20,30440,1
14:48:27,15.21,8,12168,-1
14:48:21,15.21,24,36504,-1
14:48:15,15.21,5,7605,-1
14:48:12,15.21,9,13689,-1
14:48:09,15.22,20,30440,1
14:48:06,15.21,20,30420,-1
14:48:03,15.21,8,12168,-1
14:48:00,15.22,20,30440,1
14:47:57,15.21,5,7605,-1
14:47:51,15.22,35,53270,1
14:47:48,15.21,8,12168,-1
14:47:39,15.21,45,68445,1
14:47:33,15.2,4,6080,-1
14:47:30,15.21,20,30420,1
14:47:24,15.2,7,10640,-1
14:47:21,15.21,20,30420,1
14:47:18,15.21,10,15210,1
14:47:15,15.21,20,30420,0
14:47:09,15.22,70,106540,1
14:47:06,15.21,4,6084,-1
14:47:03,15.22,5,7610,1
14:46:59,15.22,20,30440,1
14:46:57,15.21,17,25857,-1
14:46:51,15.21,10,15210,0
14:46:48,15.2,3,4560,-1
14:46:45,15.21,40,60840,1
14:46:42,15.21,13,19773,-1
14:46:38,15.22,24,36528,1
14:46:36,15.21,3,4563,-1
14:46:33,15.21,55,83655,-1
14:46:29,15.21,32,48672,-1
14:46:23,15.21,3,4563,-1
14:46:18,15.22,43,65446,1
14:46:14,15.21,69,104949,-1
14:46:08,15.22,20,30440,1
14:46:06,15.21,3,4563,-1
14:45:59,15.22,20,30440,1
14:45:53,15.21,13,19773,-1
14:45:50,15.22,20,30440,1
14:45:47,15.21,10,15210,-1
14:45:41,15.22,20,30440,1
14:45:38,15.21,15,22815,-1
14:45:32,15.22,24,36528,1
14:45:29,15.21,9,13689,-1
14:45:23,15.21,1,1521,-1
14:45:20,15.21,17,25857,1
14:45:17,15.2,11,16720,-1
14:45:11,15.21,20,30420,1
14:45:08,15.2,11,16720,-1
14:45:05,15.2,8,12160,-1
14:44:59,15.21,20,30420,1
14:44:56,15.2,5,7600,-1
14:44:47,15.2,54,82080,1
14:44:38,15.2,20,30400,1
14:44:29,15.2,23,34960,1
14:44:20,15.2,20,30400,1
14:44:14,15.2,16,24320,1
14:44:08,15.2,30,45600,1
14:44:05,15.2,39,59280,1
14:43:59,15.2,30,45600,1
14:43:56,15.2,2,3040,1
14:43:47,15.2,21,31920,1
14:43:38,15.2,20,30400,1
14:43:35,15.2,40,60800,1
14:43:29,15.2,20,30400,1
14:43:20,15.2,15,22800,1
14:43:17,15.2,20,30400,1
14:43:14,15.2,1,1520,1
14:43:08,15.2,20,30400,1
14:43:05,15.19,25,37975,-1
14:42:56,15.2,20,30400,1
14:42:53,15.2,20,30400,1
14:42:47,15.2,20,30400,1
14:42:38,15.2,34,51680,1
14:42:35,15.2,14,21280,1
14:42:26,15.2,20,30400,1
14:42:23,15.2,39,59280,1
14:42:20,15.2,34,51680,1
14:42:17,15.2,218,331360,-1
14:42:11,15.22,12,18264,1
14:42:08,15.22,57,86754,1
14:42:05,15.22,20,30440,1
14:41:56,15.22,20,30440,1
14:41:53,15.21,10,15210,-1
14:41:47,15.22,20,30440,1
14:41:41,15.21,15,22815,-1
14:41:35,15.22,30,45660,1
14:41:26,15.22,110,167420,1
14:41:10,15.21,42,63882,1
14:41:05,15.21,20,30420,1
14:40:55,15.2,30,45600,-1
14:40:49,15.2,1,1520,-1
14:40:43,15.21,355,539955,1
14:40:37,15.2,40,60800,1
14:40:34,15.2,20,30400,1
14:40:25,15.19,40,60760,-1
14:40:19,15.2,16,24320,1
14:40:16,15.2,20,30400,1
14:40:13,15.2,20,30400,1
14:40:04,15.2,2,3040,1
14:39:46,15.19,2,3038,-1
14:39:43,15.2,16,24320,1
14:39:28,15.19,1,1519,-1
14:39:07,15.2,34,51680,-1
14:38:58,15.2,12,18240,-1
14:38:49,15.2,4,6080,1
14:38:40,15.2,0,0,0
14:38:37,15.2,36,54720,-1
14:38:28,15.2,4,6080,-1
14:38:22,15.2,10,15200,-1
14:38:13,15.2,19,28880,-1
14:38:04,15.2,10,15200,1
14:37:52,15.2,5,7600,1
14:37:46,15.19,2,3038,-1
14:37:28,15.2,4,6080,1
14:37:10,15.21,30,45630,1
14:37:01,15.2,8,12160,-1
14:36:46,15.2,26,39520,-1
14:36:37,15.2,65,98800,-1
14:36:34,15.2,5,7600,-1
14:36:25,15.21,2,3042,1
14:36:19,15.2,39,59280,-1
14:36:15,15.2,4,6080,-1
14:36:10,15.2,84,127680,1
14:36:00,15.2,5,7600,1
14:35:57,15.19,5,7595,-1
14:35:45,15.19,7,10633,-1
14:35:30,15.2,10,15200,1
14:35:18,15.19,2,3038,-1
14:35:12,15.2,30,45600,1
14:35:09,15.19,6,9114,-1
14:35:06,15.19,5,7595,-1
14:34:36,15.2,3,4560,1
14:34:33,15.2,10,15200,1
14:34:24,15.2,10,15200,1
14:34:21,15.2,8,12160,1
14:34:18,15.2,5,7600,1
14:34:12,15.2,30,45600,1
14:34:03,15.2,10,15200,1
14:33:57,15.19,1,1519,-1
14:33:48,15.19,10,15190,-1
14:33:39,15.19,29,44051,-1
14:33:24,15.19,1,1519,-1
14:33:12,15.21,31,47151,1
14:33:00,15.21,50,76050,1
14:32:45,15.2,11,16720,1
14:32:15,15.2,300,456000,1
14:32:06,15.2,30,45600,1
14:31:54,15.19,38,57722,-1
14:31:42,15.19,11,16709,1
14:31:24,15.18,16,24288,-1
14:31:09,15.18,13,19734,-1
14:31:06,15.19,4,6076,1
14:31:03,15.19,8,12152,1
14:30:57,15.18,10,15180,-1
14:30:39,15.19,31,47089,1
14:29:45,15.19,15,22785,1
14:29:39,15.19,28,42532,1
14:29:36,15.18,7,10626,-1
14:29:27,15.19,12,18228,1
14:28:47,15.17,0,0,-1
14:28:44,15.17,1,1517,-1
14:28:41,15.19,15,22785,1
14:28:35,15.19,0,0,1
14:28:21,15.19,16,24304,1
14:28:06,15.16,1,1516,-1
14:27:54,15.16,78,118248,1
14:27:47,15.16,15,22740,1
14:27:44,15.16,20,30320,1
14:27:38,15.16,14,21224,1
14:27:32,15.16,30,45480,1
14:27:26,15.16,2,3032,1
14:27:23,15.16,2,3032,1
14:27:17,15.15,11,16665,-1
14:27:02,15.15,38,57570,-1
14:26:59,15.16,5,7580,1
14:26:56,15.16,4,6064,1
14:26:41,15.16,1,1516,1
14:26:38,15.15,20,30300,-1
14:26:20,15.15,6,9090,-1
14:26:14,15.15,14,21210,-1
14:26:05,15.15,26,39390,-1
14:25:56,15.16,10,15160,1
14:25:35,15.16,5,7580,1
14:25:26,15.16,22,33352,-1
14:25:05,15.14,0,0,-1
14:25:02,15.14,1000,1514000,-1
14:24:56,15.17,10,15170,-1
14:24:47,15.19,3,4557,-1
14:24:44,15.17,0,0,-1
14:24:35,15.17,0,0,-1
14:24:29,15.17,14,21238,1
14:24:23,15.17,3,4551,1
14:24:17,15.17,65,98605,-1
14:24:14,15.17,40,60680,-1
14:23:53,15.17,102,154734,-1
14:23:50,15.17,0,0,-1
14:23:44,15.17,106,160802,-1
14:23:41,15.18,398,604164,-1
14:23:35,15.21,20,30420,1
14:23:26,15.21,0,0,1
14:23:23,15.21,30,45630,1
14:23:14,15.2,20,30400,1
14:23:05,15.2,30,45600,1
14:22:53,15.19,45,68355,-1
14:22:50,15.2,10,15200,1
14:22:44,15.2,20,30400,1
14:22:40,15.2,10,15200,1
14:22:37,15.2,20,30400,1
14:22:34,15.2,20,30400,1
14:22:29,15.2,158,240160,-1
14:22:22,15.21,20,30420,1
14:22:13,15.21,20,30420,1
14:22:01,15.21,20,30420,1
14:21:52,15.21,20,30420,1
14:21:43,15.21,20,30420,1
14:21:40,15.21,5,7605,1
14:21:37,15.2,10,15200,-1
14:21:31,15.21,20,30420,1
14:21:22,15.21,20,30420,1
14:21:16,15.2,5,7600,-1
14:21:13,15.2,10,15200,-1
14:21:10,15.21,20,30420,1
14:21:01,15.21,20,30420,1
14:20:43,15.2,1,1520,1
14:20:40,15.2,20,30400,1
14:20:31,15.2,20,30400,1
14:20:22,15.2,20,30400,1
14:20:16,15.2,2,3040,1
14:20:01,15.2,10,15200,1
14:19:52,15.2,10,15200,1
14:19:31,15.2,30,45600,1
14:19:25,15.2,5,7600,1
14:19:10,15.2,10,15200,1
14:18:49,15.2,10,15200,1
14:18:46,15.2,7,10640,1
14:18:28,15.2,10,15200,1
14:18:19,15.19,0,0,0
14:18:13,15.19,49,74431,-1
14:18:10,15.19,6,9114,-1
14:18:04,15.19,55,83545,1
14:17:49,15.19,10,15190,1
14:17:40,15.18,83,125994,-1
14:17:37,15.19,41,62279,1
14:17:27,15.19,10,15190,1
14:17:21,15.18,10,15180,-1
14:17:09,15.18,5,7590,-1
14:17:06,15.19,10,15190,1
14:17:00,15.18,20,30360,-1
14:16:57,15.18,1,1518,-1
14:16:48,15.19,5,7595,1
14:16:45,15.19,5,7595,1
14:16:36,15.19,3,4557,1
14:16:30,15.18,10,15180,-1
14:16:27,15.19,10,15190,1
14:16:06,15.19,65,98735,1
14:15:57,15.19,2,3038,1
14:15:48,15.18,1,1518,-1
14:15:45,15.19,10,15190,1
14:15:42,15.18,9,13662,-1
14:15:27,15.19,10,15190,1
14:15:06,15.19,10,15190,1
14:14:51,15.18,42,63756,-1
14:14:45,15.19,10,15190,1
14:14:36,15.18,1,1518,-1
14:14:24,15.18,8,12144,1
14:14:09,15.19,0,0,1
14:14:06,15.19,10,15190,1
14:13:54,15.18,10,15180,-1
14:13:51,15.18,2,3036,1
14:13:48,15.18,10,15180,1
14:13:45,15.18,10,15180,1
14:13:39,15.18,29,44022,-1
14:13:27,15.18,11,16698,-1
14:13:24,15.19,10,15190,1
14:13:15,15.19,4,6076,1
14:13:03,15.19,10,15190,1
14:12:54,15.18,387,587466,-1
14:12:42,15.19,10,15190,1
14:12:27,15.18,5,7590,-1
14:12:21,15.19,10,15190,1
14:12:18,15.18,2,3036,-1
14:12:03,15.19,47,71393,1
14:11:54,15.19,10,15190,1
14:11:48,15.19,41,62279,1
14:11:45,15.18,10,15180,-1
14:11:42,15.19,10,15190,1
14:11:36,15.18,18,27324,-1
14:11:33,15.19,9,13671,1
14:11:30,15.18,6,9108,-1
14:11:21,15.19,10,15190,1
14:11:12,15.19,3,4557,1
14:11:03,15.19,2,3038,1
14:10:59,15.19,10,15190,1
14:10:57,15.19,2,3038,1
14:10:54,15.18,9,13662,-1
14:10:48,15.19,42,63798,1
14:10:44,15.19,2,3038,1
14:10:42,15.19,3,4557,1
14:10:39,15.19,10,15190,1
14:10:33,15.18,11,16698,-1
14:10:26,15.19,2,3038,1
14:10:21,15.19,10,15190,1
14:10:12,15.19,8,12152,1
14:10:03,15.19,2,3038,1
14:09:59,15.19,10,15190,1
14:09:41,15.19,10,15190,1
14:09:17,15.19,12,18228,1
14:09:14,15.18,28,42504,-1
14:09:11,15.19,4,6076,1
14:09:05,15.19,20,30380,1
14:09:02,15.19,10,15190,1
14:08:50,15.18,9,13662,-1
14:08:41,15.18,36,54648,-1
14:08:34,15.18,1,1518,-1
14:08:32,15.19,14,21266,1
14:08:29,15.18,4,6072,-1
14:08:20,15.19,10,15190,1
14:08:14,15.18,1,1518,-1
14:08:02,15.19,10,15190,1
14:07:59,15.19,10,15190,1
14:07:38,15.19,12,18228,1
14:07:20,15.19,10,15190,1
14:06:59,15.19,10,15190,1
14:06:56,15.18,66,100188,-1
14:06:38,15.19,10,15190,1
14:06:29,15.19,43,65317,1
14:06:20,15.18,7,10626,-1
14:06:17,15.19,53,80507,1
14:05:59,15.18,20,30360,-1
14:05:41,15.19,20,30380,1
14:05:38,15.19,20,30380,1
14:05:35,15.19,33,50127,-1
14:05:29,15.19,2,3038,-1
14:05:26,15.19,8,12152,-1
14:05:17,15.19,14,21266,-1
14:04:56,15.2,10,15200,1
14:04:50,15.19,1,1519,-1
14:04:35,15.2,10,15200,1
14:04:23,15.19,3,4557,-1
14:04:17,15.19,17,25823,-1
14:04:14,15.19,10,15190,-1
14:03:56,15.2,10,15200,1
14:03:43,15.19,10,15190,-1
14:03:34,15.2,10,15200,1
14:03:25,15.2,0,0,1
14:03:22,15.2,12,18240,1
14:03:19,15.19,27,41013,-1
14:03:16,15.19,90,136710,-1
14:03:13,15.2,10,15200,1
14:02:55,15.2,10,15200,1
14:02:40,15.19,30,45570,-1
14:02:34,15.2,10,15200,1
14:02:22,15.19,1,1519,-1
14:02:13,15.2,10,15200,1
14:02:07,15.19,3,4557,-1
14:01:52,15.2,10,15200,1
14:01:46,15.19,18,27342,-1
14:01:37,15.19,12,18228,-1
14:01:34,15.2,5,7600,1
14:01:31,15.2,15,22800,1
14:01:13,15.2,10,15200,1
14:01:01,15.2,50,76000,1
14:00:58,15.2,1,1520,1
14:00:52,15.2,10,15200,1
14:00:46,15.19,50,75950,-1
14:00:31,15.2,10,15200,1
14:00:25,15.19,29,44051,-1
14:00:22,15.2,5,7600,1
14:00:19,15.19,1,1519,-1
14:00:16,15.21,0,0,1
14:00:10,15.21,20,30420,1
14:00:07,15.2,9,13680,1
13:59:49,15.2,10,15200,1
13:59:46,15.2,33,50160,-1
13:59:42,15.2,9,13680,-1
13:59:34,15.21,33,50193,1
13:59:30,15.21,10,15210,1
13:59:09,15.21,10,15210,1
13:58:54,15.2,30,45600,-1
13:58:48,15.21,10,15210,1
13:58:30,15.2,5,7600,-1
13:58:27,15.21,0,0,1
13:58:24,15.21,20,30420,1
13:58:18,15.19,1,1519,-1
13:58:15,15.2,0,0,0
13:58:09,15.2,18,27360,1
13:57:48,15.2,10,15200,1
13:57:45,15.2,1,1520,1
13:57:39,15.2,5,7600,1
13:57:27,15.2,11,16720,1
13:57:06,15.2,10,15200,1
13:57:00,15.2,3,4560,1
13:56:48,15.2,10,15200,1
13:56:27,15.19,50,75950,-1
13:56:06,15.2,10,15200,1
13:56:03,15.19,5,7595,-1
13:55:45,15.19,4,6076,1
13:55:24,15.19,10,15190,1
13:55:09,15.18,6,9108,-1
13:55:06,15.19,10,15190,1
13:54:54,15.18,25,37950,-1
13:54:45,15.19,10,15190,1
13:54:42,15.19,5,7595,1
13:54:39,15.18,10,15180,-1
13:54:24,15.19,10,15190,1
13:54:06,15.19,8,12152,1
13:54:03,15.19,10,15190,1
13:54:00,15.19,40,60760,1
13:53:42,15.19,10,15190,1
13:53:39,15.19,66,100254,-1
13:53:24,15.2,5,7600,1
13:53:21,15.2,5,7600,1
13:53:12,15.19,30,45570,-1
13:53:03,15.2,17,25840,1
13:52:45,15.2,2,3040,1
13:52:42,15.2,10,15200,1
13:52:33,15.19,1,1519,-1
13:52:21,15.19,14,21266,1
13:52:03,15.18,147,223146,-1
13:51:59,15.19,7,10633,1
13:51:51,15.18,1,1518,-1
13:51:44,15.19,6,9114,1
13:51:42,15.19,10,15190,1
13:51:20,15.19,67,101773,-1
13:51:17,15.2,10,15200,1
13:51:11,15.19,1,1519,-1
13:51:05,15.19,2,3038,-1
13:51:02,15.2,10,15200,1
13:50:43,15.2,10,15200,1
13:50:37,15.19,1,1519,-1
13:50:34,15.19,1,1519,-1
13:50:22,15.2,10,15200,1
13:50:16,15.19,10,15190,-1
13:50:07,15.19,2,3038,-1
13:50:04,15.19,36,54684,-1
13:50:01,15.2,10,15200,1
13:49:52,15.19,1,1519,-1
13:49:37,15.19,46,69874,1
13:49:34,15.19,2,3038,1
13:49:32,15.19,10,15190,1
13:49:28,15.19,20,30380,1
13:49:22,15.19,16,24304,-1
13:49:19,15.2,10,15200,1
13:49:13,15.19,1,1519,-1
13:49:01,15.2,10,15200,1
13:48:52,15.19,2,3038,-1
13:48:49,15.19,22,33418,-1
13:48:40,15.19,6,9114,1
13:48:34,15.19,18,27342,1
13:48:31,15.18,6,9108,-1
13:48:19,15.19,10,15190,1
13:48:13,15.19,125,189875,1
13:48:01,15.19,30,45570,1
13:47:58,15.19,10,15190,1
13:47:52,15.18,9,13662,-1
13:47:49,15.18,10,15180,-1
13:47:43,15.19,15,22785,1
13:47:40,15.19,13,19747,1
13:47:19,15.19,10,15190,1
13:47:13,15.18,1,1518,-1
13:47:01,15.19,10,15190,1
13:46:58,15.18,30,45540,-1
13:46:37,15.19,10,15190,1
13:46:34,15.18,1,1518,-1
13:46:31,15.18,3,4554,-1
13:46:16,15.18,1,1518,1
13:46:07,15.18,10,15180,1
13:46:04,15.18,30,45540,-1
13:45:58,15.19,5,7595,1
13:45:55,15.19,5,7595,1
13:45:52,15.18,1,1518,-1
13:45:37,15.19,10,15190,1
13:45:31,15.19,10,15190,1
13:45:22,15.18,1,1518,-1
13:45:16,15.19,10,15190,1
13:44:55,15.19,10,15190,1
13:44:49,15.17,0,0,-1
13:44:43,15.17,0,0,-1
13:44:40,15.17,14,21238,-1
13:44:37,15.18,149,226182,1
13:44:34,15.18,20,30360,1
13:44:25,15.17,70,106190,-1
13:44:22,15.18,10,15180,1
13:44:16,15.18,5,7590,1
13:44:13,15.18,5,7590,1
13:44:01,15.17,1,1517,-1
13:43:55,15.18,10,15180,1
13:43:46,15.18,62,94116,-1
13:43:37,15.19,10,15190,1
13:43:34,15.19,10,15190,0
13:43:25,15.18,77,116886,-1
13:43:22,15.18,1,1518,-1
13:43:13,15.2,10,15200,1
13:43:10,15.18,19,28842,-1
13:42:55,15.2,10,15200,1
13:42:43,15.18,0,0,-1
13:42:40,15.18,1,1518,-1
13:42:34,15.2,10,15200,1
13:42:13,15.2,10,15200,1
13:42:01,15.18,1,1518,-1
13:41:58,15.2,1,1520,1
13:41:52,15.2,10,15200,1
13:41:34,15.2,10,15200,1
13:41:28,15.18,39,59202,-1
13:41:22,15.19,1,1519,-1
13:41:19,15.2,0,0,1
13:41:13,15.2,10,15200,1
13:40:55,15.2,32,48640,1
13:40:52,15.2,10,15200,1
13:40:46,15.2,38,57760,1
13:40:40,15.18,1,1518,-1
13:40:37,15.2,2,3040,1
13:40:31,15.2,10,15200,1
13:40:25,15.2,2,3040,1
13:40:10,15.2,10,15200,1
13:40:06,15.2,14,21280,-1
13:40:00,15.2,1,1520,-1
13:39:48,15.2,5,7600,1
13:39:30,15.2,10,15200,1
13:39:18,15.18,1,1518,-1
13:39:09,15.2,10,15200,1
13:38:57,15.2,0,0,1
13:38:48,15.2,10,15200,1
13:38:45,15.17,52,78884,-1
13:38:39,15.19,1,1519,0
13:38:30,15.17,12,18204,-1
13:38:27,15.19,8,12152,1
13:38:18,15.17,6,9102,-1
13:38:06,15.18,10,15180,1
13:38:00,15.17,1,1517,-1
13:37:54,15.17,8,12136,-1
13:37:48,15.17,55,83435,-1
13:37:27,15.18,10,15180,1
13:37:18,15.17,1,1517,-1
13:37:12,15.18,13,19734,1
13:37:06,15.18,10,15180,0
13:36:57,15.19,4,6076,1
13:36:45,15.19,10,15190,1
13:36:39,15.17,1,1517,-1
13:36:27,15.17,60,91020,-1
13:36:18,15.19,0,0,1
13:36:06,15.19,25,37975,1
13:36:00,15.18,1,1518,-1
13:35:54,15.18,2,3036,1
13:35:45,15.18,10,15180,1
13:35:36,15.17,20,30340,-1
13:35:33,15.18,23,34914,-1
13:35:30,15.18,7,10626,-1
13:35:24,15.19,10,15190,1
13:35:18,15.18,1,1518,0
13:35:15,15.17,1,1517,-1
13:35:06,15.18,10,15180,1
13:35:00,15.18,6,9108,1
13:34:45,15.18,10,15180,1
13:34:39,15.17,1,1517,-1
13:34:24,15.18,23,34914,1
13:34:21,15.18,3,4554,1
13:34:12,15.17,1,1517,-1
13:34:09,15.18,33,50094,1
13:34:03,15.18,10,15180,1
13:33:57,15.17,1,1517,-1
13:33:41,15.18,10,15180,1
13:33:24,15.18,15,22770,1
13:33:18,15.17,1,1517,-1
13:33:09,15.18,10,15180,1
13:33:03,15.18,10,15180,1
13:32:56,15.18,72,109296,-1
13:32:54,15.18,5,7590,-1
13:32:44,15.18,2,3036,-1
13:32:42,15.19,15,22785,1
13:32:38,15.18,1,1518,-1
13:32:20,15.19,10,15190,1
13:32:17,15.19,30,45570,1
13:32:01,15.19,11,16709,1
13:31:52,15.19,2,3038,1
13:31:47,15.2,0,0,1
13:31:44,15.2,10,15200,1
13:31:22,15.2,47,71440,1
13:31:20,15.19,1,1519,-1
13:31:02,15.2,10,15200,1
13:30:58,15.19,20,30380,-1
13:30:43,15.19,17,25823,-1
13:30:40,15.2,11,16720,1
13:30:22,15.2,10,15200,1
13:30:19,15.19,10,15190,-1
13:30:13,15.19,10,15190,-1
13:30:04,15.19,20,30380,-1
13:30:01,15.19,40,60760,-1
13:29:58,15.19,1,1519,-1
13:29:40,15.2,10,15200,1
13:29:37,15.2,15,22800,1
13:29:19,15.2,11,16720,1
13:29:07,15.19,11,16709,-1
13:28:58,15.2,10,15200,1
13:28:40,15.2,10,15200,1
13:28:37,15.19,1,1519,-1
13:28:19,15.2,10,15200,1
13:28:16,15.19,5,7595,-1
13:28:01,15.19,1,1519,-1
13:27:58,15.2,12,18240,1
13:27:46,15.2,3,4560,1
13:27:43,15.19,7,10633,-1
13:27:37,15.2,10,15200,1
13:27:31,15.2,3,4560,1
13:27:22,15.2,6,9120,1
13:27:19,15.19,6,9114,-1
13:27:16,15.2,5,7600,1
13:27:10,15.2,87,132240,-1
13:27:07,15.21,32,48672,1
13:26:58,15.21,17,25857,1
13:26:55,15.21,93,141453,1
13:26:49,15.2,88,133760,-1
13:26:40,15.21,2,3042,1
13:26:37,15.21,10,15210,1
13:26:16,15.21,13,19773,1
13:26:13,15.2,5,7600,-1
13:25:58,15.2,1,1520,-1
13:25:55,15.21,10,15210,1
13:25:37,15.2,17,25840,-1
13:25:25,15.2,20,30400,-1
13:25:19,15.2,1,1520,-1
13:25:16,15.21,10,15210,1
13:25:13,15.2,50,76000,-1
13:25:07,15.2,14,21280,-1
13:24:55,15.21,10,15210,1
13:24:34,15.21,10,15210,1
13:24:31,15.21,1,1521,1
13:24:22,15.2,5,7600,-1
13:24:19,15.2,10,15200,-1
13:24:16,15.21,41,62361,1
13:24:04,15.21,19,28899,1
13:23:55,15.21,10,15210,1
13:23:52,15.2,24,36480,-1
13:23:34,15.2,10,15200,1
13:23:22,15.2,20,30400,1
13:23:13,15.2,12,18240,1
13:23:01,15.19,5,7595,-1
13:22:52,15.2,10,15200,1
13:22:28,15.19,31,47089,1
13:22:16,15.19,1,1519,1
13:22:13,15.19,10,15190,1
13:21:51,15.19,16,24304,1
13:21:49,15.19,2,3038,1
13:21:31,15.19,10,15190,1
13:21:25,15.18,3,4554,-1
13:21:09,15.19,20,30380,1
13:20:49,15.19,3,4557,1
13:20:45,15.18,76,115368,1
13:20:42,15.18,30,45540,1
13:20:36,15.18,25,37950,1
13:20:33,15.18,4,6072,1
13:20:30,15.18,10,15180,1
13:20:09,15.18,10,15180,1
13:19:57,15.17,13,19721,-1
13:19:48,15.18,95,144210,-1
13:19:30,15.19,40,60760,1
13:19:09,15.19,10,15190,1
13:19:00,15.18,60,91080,-1
13:18:48,15.19,10,15190,1
13:18:27,15.19,10,15190,1
13:18:09,15.18,11,16698,-1
13:17:48,15.19,10,15190,1
13:17:30,15.19,5,7595,1
13:17:27,15.19,10,15190,1
13:17:12,15.19,5,7595,1
13:17:06,15.19,10,15190,1
13:16:48,15.19,2,3038,1
13:16:45,15.19,10,15190,1
13:16:39,15.19,200,303800,1
13:16:33,15.18,10,15180,-1
13:16:24,15.18,187,283866,1
13:16:18,15.18,10,15180,1
13:16:15,15.18,2,3036,1
13:16:06,15.18,10,15180,1
13:16:00,15.17,2,3034,-1
13:15:45,15.18,13,19734,1
13:15:36,15.18,4,6072,1
13:15:30,15.17,6,9102,-1
13:15:24,15.18,10,15180,1
13:15:06,15.17,5,7585,-1
13:15:03,15.18,11,16698,1
13:14:54,15.18,3,4554,1
13:14:45,15.17,14,21238,-1
13:14:42,15.18,10,15180,1
13:14:27,15.18,20,30360,1
13:14:20,15.17,22,33510,1
13:14:17,15.17,2,3034,1
13:14:02,15.17,10,15170,1
13:13:59,15.16,10,15160,-1
13:13:50,15.17,20,30340,1
13:13:41,15.17,10,15170,1
13:13:26,15.17,5,7585,1
13:13:20,15.17,5,7585,1
13:13:02,15.17,20,30340,1
13:12:44,15.17,10,15170,1
13:12:41,15.17,1,1517,1
13:12:32,15.17,2,3034,1
13:12:26,15.16,3,4548,-1
13:12:22,15.17,10,15170,1
13:12:07,15.16,5,7580,-1
13:12:01,15.16,1,1516,1
13:11:46,15.16,4,6064,1
13:11:43,15.16,10,15160,1
13:11:40,15.16,10,15160,1
13:11:28,15.15,38,57570,-1
13:11:22,15.16,10,15160,1
13:11:13,15.16,27,40932,-1
13:11:04,15.16,1,1516,-1
13:11:01,15.17,10,15170,1
13:10:49,15.16,20,30320,-1
13:10:40,15.17,10,15170,1
13:10:22,15.16,7,10612,1
13:10:19,15.16,2,3032,1
13:10:16,15.16,2,3032,1
13:10:01,15.16,10,15160,1
13:09:58,15.15,15,22725,-1
13:09:52,15.15,4,6060,-1
13:09:49,15.16,48,72768,1
13:09:40,15.15,20,30300,-1
13:09:22,15.15,3,4545,-1
13:09:19,15.16,10,15160,1
13:09:01,15.16,10,15160,1
13:08:55,15.15,5,7575,-1
13:08:37,15.16,10,15160,1
13:08:25,15.15,2,3030,-1
13:08:19,15.16,10,15160,1
13:08:16,15.15,23,34845,-1
13:08:04,15.16,29,43964,1
13:07:58,15.16,10,15160,1
13:07:52,15.16,1,1516,1
13:07:49,15.16,41,62156,-1
13:07:37,15.17,10,15170,1
13:07:25,15.16,14,21224,-1
13:07:16,15.15,0,0,-1
13:07:13,15.15,302,457530,-1
13:07:07,15.16,10,15160,1
13:07:04,15.15,1,1515,-1
13:07:01,15.16,4,6064,-1
13:06:58,15.17,10,15170,1
13:06:49,15.16,3,4548,-1
13:06:37,15.16,3,4548,1
13:06:31,15.16,10,15160,1
13:06:28,15.16,9,13644,1
13:06:16,15.16,30,45480,1
13:05:58,15.16,101,153116,1
13:05:55,15.16,10,15160,1
13:05:34,15.16,10,15160,1
13:05:28,15.16,1,1516,1
13:05:19,15.15,67,101505,-1
13:05:16,15.16,10,15160,1
13:05:10,15.15,1,1515,-1
13:05:04,15.16,6,9096,1
13:04:55,15.16,10,15160,1
13:04:49,15.15,1,1515,-1
13:04:34,15.16,20,30320,1
13:04:13,15.16,10,15160,1
13:03:58,15.16,1,1516,1
13:03:55,15.16,10,15160,1
13:03:34,15.16,10,15160,1
13:03:13,15.16,10,15160,1
13:03:10,15.15,10,15150,-1
13:03:04,15.16,1,1516,1
13:02:52,15.16,10,15160,1
13:02:31,15.16,10,15160,1
13:02:16,15.15,8,12120,1
13:02:13,15.15,10,15150,1
13:02:10,15.15,30,45450,1
13:02:04,15.15,25,37875,1
13:02:00,15.15,2,3030,1
13:01:54,15.14,9,13626,-1
13:01:52,15.15,110,166650,1
13:01:45,15.15,25,37875,1
13:01:37,15.14,8,12112,-1
13:01:30,15.15,10,15150,1
13:01:27,15.15,22,33330,1
13:01:21,15.15,25,37875,1
13:01:18,15.15,5,7575,1
13:01:12,15.15,4,6060,1
13:01:09,15.15,10,15150,1
13:01:06,15.15,3,4545,1
13:00:54,15.15,30,45450,1
13:00:51,15.15,10,15150,1
13:00:30,15.15,10,15150,1
13:00:24,15.14,10,15140,-1
13:00:21,15.14,3,4542,-1
13:00:09,15.14,12,18168,-1
13:00:06,15.14,86,130204,-1
13:00:03,15.15,62,93930,1
11:30:00,15.15,0,0,1
11:30:00,15.15,0,0,1
11:29:47,15.15,13,19695,1
11:29:32,15.14,6,9084,-1
11:29:29,15.15,10,15150,1
11:29:26,15.15,10,15150,1
11:29:11,15.15,5,7575,1
11:29:08,15.15,40,60600,1
11:28:59,15.15,100,151500,1
11:28:53,15.15,10,15150,1
11:28:47,15.15,10,15150,1
11:28:44,15.15,7,10605,1
11:28:41,15.15,25,37875,1
11:28:32,15.15,11,16665,1
11:28:26,15.15,10,15150,1
11:28:05,15.15,10,15150,1
11:28:02,15.15,10,15150,1
11:27:56,15.15,10,15150,1
11:27:53,15.15,254,384810,-1
11:27:50,15.16,14,21224,1
11:27:47,15.16,10,15160,1
11:27:38,15.15,100,151500,-1
11:27:32,15.15,26,39390,-1
11:27:29,15.17,20,30340,1
11:27:17,15.17,0,0,1
11:27:14,15.17,50,75850,1
11:27:08,15.16,21,33003,-1
11:26:47,15.16,9,13992,1
11:26:35,15.15,11,16665,-1
11:26:29,15.16,17,25772,1
11:26:11,15.15,8,12120,-1
11:26:08,15.16,10,15160,1
11:26:05,15.16,20,30320,1
11:26:02,15.16,4,6064,1
11:25:56,15.16,100,152767,-1
11:25:47,15.17,10,15170,1
11:25:41,15.16,20,30320,-1
11:25:38,15.16,61,92476,-1
11:25:35,15.16,46,69736,-1
11:25:26,15.17,65,98605,1
11:25:17,15.16,54,81864,-1
11:25:14,15.17,2,3034,1
11:25:11,15.16,162,245592,-1
11:25:05,15.17,10,15170,1
11:24:53,15.16,1,1516,-1
11:24:46,15.17,10,15170,1
11:24:41,15.16,10,15160,-1
11:24:25,15.17,10,15170,1
11:24:22,15.16,5,7580,-1
11:24:20,15.17,10,15170,1
11:24:14,15.16,5,7580,-1
11:24:11,15.17,2,3034,1
11:24:04,15.17,15,22755,1
11:24:02,15.16,20,30320,-1
11:23:43,15.17,10,15170,1
11:23:22,15.17,10,15170,1
11:23:19,15.17,12,18204,1
11:23:16,15.17,8,12136,1
11:23:10,15.16,55,83380,-1
11:23:07,15.17,31,47027,1
11:23:04,15.17,11,16687,1
11:22:43,15.17,10,15170,1
11:22:34,15.16,7,10612,-1
11:22:25,15.17,4,6068,1
11:22:22,15.17,49,74333,-1
11:22:10,15.17,11,16687,1
11:22:07,15.16,30,45480,-1
11:22:01,15.17,76,115292,1
11:21:52,15.17,10,15170,1
11:21:46,15.17,82,124394,-1
11:21:43,15.18,10,15180,1
11:21:40,15.17,10,15170,-1
11:21:19,15.17,92,139564,1
11:21:10,15.17,19,28823,1
11:21:01,15.17,10,15170,1
11:20:58,15.17,10,15170,1
11:20:55,15.17,1,1517,1
11:20:52,15.17,15,22755,1
11:20:40,15.17,10,15170,1
11:20:22,15.17,9,13653,1
11:20:19,15.17,10,15170,1
11:20:16,15.16,24,36384,-1
11:19:58,15.17,10,15170,1
11:19:55,15.16,12,18192,-1
11:19:49,15.17,7,10619,1
11:19:46,15.17,1,1517,1
11:19:40,15.16,93,140988,-1
11:19:37,15.17,2,3034,1
11:19:34,15.17,87,131979,-1
11:19:22,15.17,53,80401,-1
11:19:19,15.18,10,15180,1
11:19:10,15.17,10,15170,-1
11:18:58,15.18,11,16698,1
11:18:55,15.18,15,22770,1
11:18:49,15.18,10,15180,1
11:18:46,15.18,2,3036,1
11:18:43,15.17,50,75850,-1
11:18:40,15.18,10,15180,1
11:18:34,15.17,12,18204,-1
11:18:31,15.17,20,30340,-1
11:18:25,15.17,157,238169,-1
11:18:19,15.18,6,9108,1
11:18:16,15.18,5,7590,1
11:17:58,15.18,12,18216,1
11:17:49,15.18,58,88044,-1
11:17:37,15.19,11,16709,1
11:17:25,15.18,31,47058,-1
11:17:16,15.19,82,124558,1
11:16:57,15.18,23,34914,-1
11:16:36,15.18,54,81972,1
11:16:15,15.17,11,16687,-1
11:16:06,15.18,10,15180,1
11:16:03,15.18,5,7590,-1
11:15:54,15.19,7,10633,1
11:15:36,15.17,67,101639,-1
11:15:27,15.17,40,60680,-1
11:15:24,15.18,10,15180,1
11:15:21,15.18,5,7590,-1
11:15:18,15.18,5,7590,-1
11:15:15,15.19,1,1519,1
11:15:11,15.17,34,51578,-1
11:15:09,15.18,28,42504,1
11:14:57,15.17,57,86469,-1
11:14:54,15.18,10,15180,1
11:14:51,15.18,1,1518,1
11:14:32,15.18,10,15180,1
11:14:26,15.17,2,3034,0
11:14:23,15.16,12,18192,-1
11:14:14,15.16,27,40932,-1
11:14:11,15.17,3,4899,1
11:14:02,15.17,37,56129,1
11:13:56,15.17,23,36059,-1
11:13:50,15.17,86,130810,1
11:13:35,15.16,1,1516,-1
11:13:32,15.16,109,165244,-1
11:13:14,15.16,2,3032,-1
11:13:11,15.17,10,15170,1
11:13:05,15.16,2,3032,-1
11:12:59,15.17,15,22755,1
11:12:50,15.17,10,15170,1
11:12:44,15.17,89,136181,-1
11:12:41,15.18,5,7590,1
11:12:32,15.18,15,22770,1
11:12:29,15.18,5,7590,1
11:12:26,15.17,1,1517,-1
11:12:17,15.18,40,60720,1
11:12:14,15.17,9,13653,-1
11:12:11,15.18,15,22770,1
11:12:08,15.18,25,37950,1
11:11:56,15.18,50,75900,1
11:11:53,15.17,169,256373,-1
11:11:50,15.18,24,36432,1
11:11:47,15.18,7,10626,1
11:11:44,15.17,1,1517,-1
11:11:38,15.18,3,4554,1
11:11:29,15.18,10,15180,1
11:11:05,15.17,0,0,-1
11:11:02,15.17,992,1504864,-1
11:10:59,15.18,6,9108,-1
11:10:53,15.18,7,10626,-1
11:10:44,15.18,19,28842,-1
11:10:38,15.2,27,41389,1
11:10:35,15.19,19,28861,1
11:10:32,15.18,12,18216,-1
11:10:29,15.19,44,66836,1
11:10:26,15.18,1,1518,-1
11:10:23,15.19,40,60760,1
11:10:02,15.19,2,3038,1
11:09:56,15.18,85,129030,-1
11:09:53,15.18,5,7590,-1
11:09:50,15.19,2,3038,1
11:09:47,15.18,2,3036,-1
11:09:44,15.18,1,1518,-1
11:09:05,15.18,1,1518,-1
11:08:44,15.18,64,97152,-1
11:08:41,15.18,5,7590,-1
11:08:35,15.18,1,1518,-1
11:08:23,15.18,1,1518,-1
11:08:14,15.19,10,15190,1
11:07:59,15.18,16,24288,-1
11:07:53,15.18,15,22770,-1
11:07:44,15.18,2,3036,-1
11:07:41,15.18,10,15180,-1
11:07:38,15.18,20,30360,1
11:07:23,15.17,66,100122,-1
11:07:20,15.18,32,48576,-1
11:07:11,15.18,5,7590,1
11:07:05,15.17,1,1517,-1
11:07:02,15.17,10,15170,0
11:06:53,15.16,300,454800,-1
11:06:50,15.17,100,151700,-1
11:06:38,15.18,21,31878,1
11:06:32,15.17,43,65231,-1
11:06:29,15.18,7,10626,1
11:06:26,15.17,3,4551,-1
11:06:11,15.18,10,15180,1
11:06:05,15.17,10,15170,-1
11:06:02,15.17,119,180523,-1
11:05:59,15.18,13,19734,1
11:05:53,15.18,2,3036,1
11:05:47,15.17,1,1517,-1
11:05:44,15.17,20,30340,-1
11:05:32,15.17,25,37925,-1
11:05:29,15.17,18,27306,-1
11:05:23,15.18,512,777216,-1
11:05:14,15.18,1,1518,-1
11:05:08,15.18,1,1518,-1
11:05:05,15.18,9,13662,-1
11:04:59,15.18,3,4554,1
11:04:53,15.18,5,7590,1
11:04:41,15.18,7,10626,1
11:04:34,15.18,26,39468,1
11:04:28,15.18,10,15180,1
11:04:25,15.17,6,9102,-1
11:04:16,15.18,7,10626,-1
11:04:14,15.18,100,151800,-1
11:04:07,15.18,55,83490,-1
11:04:04,15.19,2,3038,1
11:04:01,15.18,5,7590,-1
11:03:55,15.18,23,34914,-1
11:03:52,15.18,50,75900,-1
11:03:49,15.19,10,15190,1
11:03:46,15.18,11,16698,-1
11:03:41,15.18,2,3036,-1
11:03:34,15.18,4,6072,-1
11:03:28,15.18,206,313876,-1
11:03:25,15.19,37,56203,-1
11:03:19,15.19,63,95697,-1
11:03:13,15.19,2,3038,-1
11:03:04,15.19,1,1519,-1
11:02:55,15.19,6,9114,-1
11:02:40,15.19,12,18228,-1
11:02:34,15.19,7,10633,-1
11:02:31,15.19,42,63798,-1
11:02:25,15.19,1,1519,-1
11:02:19,15.2,10,15200,1
11:02:10,15.19,1,1519,-1
11:02:04,15.2,20,30400,1
11:01:55,15.2,7,10640,1
11:01:40,15.2,14,21280,-1
11:01:31,15.21,8,12168,1
11:01:28,15.21,31,47151,1
11:01:22,15.21,2,3042,1
11:01:19,15.21,5,7605,1
11:01:16,15.21,5,7605,1
11:01:13,15.21,5,7605,1
11:01:04,15.2,1,1520,-1
11:01:01,15.2,18,27360,-1
11:00:58,15.2,12,18240,-1
11:00:55,15.21,12,18252,1
11:00:52,15.21,7,10647,1
11:00:49,15.2,33,50160,1
11:00:46,15.2,2,3040,1
11:00:43,15.2,11,16720,-1
11:00:40,15.21,6,9126,1
11:00:34,15.2,10,15200,-1
11:00:31,15.21,9,13689,1
11:00:28,15.2,10,15200,-1
11:00:25,15.21,3,4563,1
11:00:16,15.2,10,15200,-1
11:00:10,15.21,7,10647,1
11:00:07,15.2,10,15200,-1
11:00:01,15.21,50,76050,1
10:59:58,15.21,2,3042,1
10:59:49,15.2,3,4560,1
10:59:43,15.2,20,30400,1
10:59:40,15.2,6,9120,1
10:59:37,15.2,42,63840,-1
10:59:31,15.2,10,15200,-1
10:59:13,15.2,9,13680,-1
10:59:04,15.2,1,1520,-1
10:58:27,15.2,3,4560,-1
10:58:25,15.2,1,1520,-1
10:58:21,15.21,2,3042,1
10:57:42,15.2,1,1520,-1
10:57:12,15.2,6,9120,-1
10:57:03,15.2,1,1520,-1
10:57:00,15.2,6,9120,-1
10:56:51,15.2,22,33440,-1
10:56:48,15.2,1,1520,-1
10:56:42,15.21,7,10647,1
10:56:36,15.2,15,22800,1
10:56:27,15.2,5,7600,-1
10:56:24,15.2,1,1520,-1
10:56:18,15.2,23,34960,-1
10:56:09,15.2,3,4560,1
10:56:00,15.2,7,10640,1
10:55:57,15.19,30,45570,-1
10:55:51,15.19,1,1519,-1
10:55:47,15.2,2,3040,1
10:55:45,15.19,42,63798,-1
10:55:41,15.19,1,1519,-1
10:55:29,15.19,31,47089,-1
10:55:26,15.19,144,218736,-1
10:55:20,15.2,20,30400,1
10:55:14,15.2,18,27360,1
10:55:11,15.2,15,22800,-1
10:55:08,15.21,2,3042,1
10:55:05,15.2,4,6080,-1
10:55:02,15.2,1,1520,-1
10:54:59,15.21,2,3042,1
10:54:56,15.2,1,1520,-1
10:54:47,15.21,2,3042,1
10:54:38,15.2,27,41040,-1
10:54:35,15.2,8,12160,-1
10:54:23,15.21,49,74529,-1
10:54:20,15.21,1,1521,-1
10:54:14,15.21,14,21294,1
10:53:56,15.21,9,13689,-1
10:53:47,15.21,15,22815,1
10:53:44,15.21,10,15210,1
10:53:41,15.2,20,30400,-1
10:53:23,15.21,1,1521,1
10:53:05,15.2,20,30400,-1
10:52:59,15.2,21,31920,-1
10:52:44,15.21,10,15210,1
10:52:38,15.21,10,15210,1
10:51:53,15.21,66,100386,1
10:51:41,15.2,30,45600,-1
10:51:38,15.21,15,22815,1
10:51:20,15.2,1,1520,-1
10:51:11,15.2,2,3040,-1
10:51:05,15.2,5,7600,-1
10:50:59,15.2,24,36480,-1
10:50:56,15.2,27,41040,-1
10:50:53,15.21,8,12168,1
10:50:44,15.2,6,9120,-1
10:50:41,15.2,10,15200,-1
10:50:32,15.21,15,22815,1
10:50:23,15.21,20,30420,1
10:50:17,15.21,10,15210,1
10:50:08,15.21,10,15210,1
10:50:02,15.21,2,3042,1
10:49:59,15.21,95,144495,-1
10:49:53,15.21,2,3042,-1
10:49:38,15.21,0,0,-1
10:49:29,15.21,18,27378,-1
10:49:23,15.22,14,21308,-1
10:49:20,15.22,12,18264,1
10:49:17,15.22,10,15220,1
10:49:08,15.21,1,1521,-1
10:49:02,15.21,20,30420,-1
10:48:59,15.22,14,21308,1
10:48:41,15.22,5,7610,-1
10:48:35,15.21,0,0,-1
10:48:32,15.21,0,0,-1
10:48:20,15.21,0,0,-1
10:48:17,15.21,110,167310,-1
10:48:11,15.22,62,94364,1
10:47:56,15.22,10,15220,-1
10:47:41,15.22,4,6088,-1
10:47:38,15.23,6,9138,1
10:47:35,15.22,1,1522,-1
10:47:32,15.22,3,4566,-1
10:47:23,15.22,30,45660,-1
10:47:11,15.22,12,18264,-1
10:46:26,15.23,13,19799,-1
10:46:23,15.23,2,3046,-1
10:46:11,15.23,5,7615,-1
10:46:08,15.22,1,1522,-1
10:45:56,15.22,5,7610,-1
10:45:40,15.22,8,12176,-1
10:45:22,15.22,10,15220,1
10:45:10,15.21,33,50193,-1
10:45:07,15.22,0,0,0
10:45:01,15.22,2,3044,-1
10:44:46,15.22,4,6088,-1
10:44:37,15.22,1,1522,-1
10:44:22,15.22,1,1522,-1
10:44:19,15.23,20,30460,1
10:44:13,15.23,10,15230,-1
10:44:07,15.23,26,39598,-1
10:44:01,15.23,20,30460,-1
10:43:55,15.23,6,9138,-1
10:43:52,15.23,8,12184,-1
10:43:46,15.23,5,7615,-1
10:43:28,15.23,30,45690,-1
10:43:13,15.24,39,59436,-1
10:43:10,15.24,11,16764,-1
10:43:07,15.24,2,3048,-1
10:43:01,15.24,8,12192,-1
10:42:58,15.24,8,12192,-1
10:42:46,15.24,6,9144,-1
10:42:28,15.24,5,7620,-1
10:42:19,15.24,9,13716,-1
10:42:07,15.24,1,1524,-1
10:42:04,15.25,3,4575,1
10:42:01,15.24,25,38100,-1
10:41:55,15.25,20,30500,-1
10:41:46,15.25,3,4575,-1
10:41:40,15.25,42,64050,1
10:41:13,15.25,0,0,1
10:41:10,15.25,5,7625,-1
10:41:01,15.25,10,15250,-1
10:40:52,15.25,95,144875,1
10:40:49,15.23,8,12184,-1
10:40:43,15.23,19,28937,1
10:40:40,15.24,35,53340,1
10:40:37,15.23,29,44167,1
10:40:34,15.23,3,4569,-1
10:40:25,15.23,32,48736,1
10:40:19,15.23,8,12184,1
10:40:13,15.22,2,3044,-1
10:40:07,15.23,5,7615,1
10:39:58,15.23,1,1523,1
10:39:55,15.23,7,10661,-1
10:39:52,15.24,2,3048,1
10:39:48,15.23,101,153823,-1
10:39:42,15.23,30,45690,1
10:39:36,15.23,2,3046,1
10:39:24,15.23,80,121840,1
10:39:21,15.23,1,1523,1
10:39:06,15.22,4,6088,1
10:38:57,15.22,2,3044,1
10:38:48,15.22,94,143068,-1
10:38:45,15.23,84,127932,1
10:38:18,15.23,2,3046,1
10:38:15,15.22,0,0,0
10:38:09,15.22,5,7610,1
10:38:03,15.22,77,117194,1
10:38:00,15.22,5,7610,1
10:37:57,15.22,2,3044,1
10:37:39,15.22,3,4566,1
10:37:36,15.22,1,1522,1
10:37:30,15.21,45,68445,-1
10:37:24,15.21,15,22815,-1
10:37:21,15.22,1,1522,1
10:37:12,15.21,2,3042,-1
10:37:06,15.22,5,7610,1
10:37:02,15.21,20,30420,-1
10:36:59,15.22,2,3044,1
10:36:56,15.21,0,0,0
10:36:38,15.21,36,54756,1
10:36:30,15.21,14,21294,1
10:36:17,15.21,6,9126,1
10:36:14,15.2,42,63840,-1
10:36:11,15.21,30,45630,1
10:36:08,15.21,5,7605,1
10:35:56,15.21,177,269217,-1
10:35:53,15.22,18,27396,1
10:35:38,15.22,11,16742,1
10:35:29,15.22,71,108062,-1
10:35:26,15.22,8,12176,-1
10:35:23,15.23,10,15230,1
10:35:20,15.22,5,7610,-1
10:35:02,15.22,8,12176,-1
10:34:44,15.22,34,51748,-1
10:34:38,15.22,8,12176,-1
10:34:35,15.22,10,15220,-1
10:34:20,15.22,20,30440,-1
10:34:14,15.22,44,66968,-1
10:34:02,15.23,7,10661,-1
10:33:56,15.23,12,18276,-1
10:33:41,15.23,4,6092,-1
10:33:29,15.23,1,1523,-1
10:33:17,15.23,1,1523,-1
10:33:05,15.23,20,30460,-1
10:33:02,15.24,1,1524,1
10:32:47,15.23,15,22845,-1
10:32:32,15.24,10,15240,1
10:32:26,15.24,10,15240,1
10:32:14,15.23,55,83765,-1
10:31:50,15.23,43,65489,1
10:31:44,15.23,10,15230,1
10:31:41,15.23,5,7615,1
10:31:35,15.22,3,4566,-1
10:31:20,15.23,1,1523,1
10:31:17,15.23,6,9138,1
10:31:14,15.23,13,19799,-1
10:31:02,15.23,30,45690,-1
10:30:59,15.23,13,19799,-1
10:30:38,15.23,0,0,0
10:30:29,15.23,6,9138,1
10:30:26,15.23,1,1523,1
10:30:23,15.23,7,10661,-1
10:30:20,15.24,62,94488,1
10:30:11,15.24,9,13716,1
10:29:59,15.24,4,6096,1
10:29:41,15.24,8,12192,1
10:29:38,15.24,2,3048,1
10:29:35,15.23,5,7615,-1
10:29:32,15.24,18,27432,1
10:29:26,15.23,50,76150,-1
10:29:11,15.24,9,13716,-1
10:29:05,15.25,5,7625,1
10:28:59,15.25,7,10675,1
10:28:53,15.25,1,1525,1
10:28:50,15.25,26,39650,1
10:28:47,15.25,7,10675,1
10:28:41,15.25,3,4575,1
10:28:32,15.25,47,71675,1
10:28:29,15.24,15,22860,-1
10:28:23,15.25,2,3050,1
10:28:17,15.25,1,1525,1
10:28:14,15.24,76,115824,1
10:28:11,15.23,12,18276,-1
10:27:46,15.23,44,67012,-1
10:27:26,15.23,15,22845,-1
10:27:17,15.23,17,25891,1
10:27:08,15.22,0,0,-1
10:26:56,15.22,39,59358,-1
10:26:44,15.23,12,18276,-1
10:26:40,15.23,5,7615,-1
10:26:31,15.23,1,1523,-1
10:26:28,15.23,5,7615,-1
10:26:25,15.23,11,16753,1
10:26:19,15.24,0,0,1
10:26:13,15.24,2,3048,1
10:26:07,15.24,0,0,1
10:26:04,15.24,10,15240,1
10:26:01,15.24,20,30480,1
10:25:58,15.23,1,1523,1
10:25:55,15.23,40,60920,-1
10:25:52,15.24,51,77724,1
10:25:49,15.24,130,198120,1
10:25:46,15.23,5,7615,-1
10:25:43,15.24,14,21336,1
10:25:37,15.24,20,30480,1
10:25:22,15.24,8,12192,1
10:25:16,15.24,50,76200,1
10:25:13,15.23,21,31983,-1
10:25:10,15.24,8,12192,1
10:25:01,15.23,5,7615,-1
10:24:55,15.23,5,7615,1
10:24:52,15.23,7,10661,1
10:24:49,15.23,50,76150,1
10:24:46,15.23,1,1523,1
10:24:40,15.23,30,45690,1
10:24:37,15.23,100,152300,1
10:24:28,15.23,16,24368,1
10:24:24,15.23,10,15230,1
10:24:13,15.22,3,4566,-1
10:24:10,15.22,4,6088,1
10:24:07,15.22,5,7610,1
10:23:49,15.22,5,7610,1
10:23:36,15.21,5,7605,-1
10:23:34,15.22,20,30440,1
10:23:19,15.21,9,13689,-1
10:23:16,15.21,54,82134,1
10:23:13,15.2,111,168720,-1
10:23:07,15.2,53,80560,1
10:23:04,15.2,100,152000,1
10:23:01,15.19,10,15190,-1
10:22:55,15.19,12,18228,-1
10:22:52,15.2,2,3040,1
10:22:49,15.19,41,62279,-1
10:22:46,15.2,8,12160,1
10:22:43,15.2,10,15200,1
10:22:40,15.2,7,10640,1
10:22:37,15.19,35,53165,-1
10:22:30,15.2,2,3040,1
10:22:25,15.2,1,1520,1
10:22:19,15.2,9,13680,1
10:22:13,15.2,29,44080,1
10:21:43,15.2,1,1520,1
10:21:34,15.19,4,6076,-1
10:21:28,15.19,10,15190,-1
10:21:25,15.19,14,21266,-1
10:20:51,15.19,10,15190,-1
10:20:46,15.19,1,1519,-1
10:20:40,15.2,5,7600,1
10:20:30,15.2,2,3040,1
10:20:21,15.2,6,9120,1
10:20:12,15.2,128,194560,1
10:20:09,15.2,50,76000,1
10:19:54,15.19,42,63798,-1
10:19:48,15.2,19,28880,1
10:19:42,15.19,0,0,-1
10:19:33,15.19,44,66836,-1
10:19:21,15.2,8,13528,1
10:19:15,15.19,4,6076,-1
10:19:12,15.19,108,164052,-1
10:19:09,15.2,21,31920,1
10:19:06,15.2,100,152000,1
10:19:00,15.19,14,21266,-1
10:18:39,15.2,16,24320,1
10:18:00,15.2,14,21280,1
10:17:56,15.19,12,18228,-1
10:17:53,15.2,25,38000,1
10:17:44,15.19,24,36456,-1
10:17:42,15.19,40,60760,-1
10:17:29,15.2,32,48640,1
10:17:20,15.19,5,7595,-1
10:17:11,15.19,10,15190,-1
10:17:08,15.19,50,75950,-1
10:16:59,15.19,10,15190,-1
10:16:56,15.2,10,15200,1
10:16:53,15.19,12,18228,-1
10:16:47,15.2,1,1520,1
10:16:44,15.19,16,24304,-1
10:16:41,15.19,11,16709,-1
10:16:35,15.19,135,205065,-1
10:16:29,15.19,3,4557,-1
10:16:17,15.19,11,16709,-1
10:16:08,15.2,8,12160,1
10:16:05,15.2,50,76000,1
10:15:56,15.19,50,75950,-1
10:15:47,15.2,15,22800,1
10:15:44,15.2,422,641592,-1
10:15:35,15.2,50,76000,-1
10:15:23,15.21,12,18252,1
10:15:08,15.21,3,4563,1
10:15:05,15.21,6,9126,1
10:15:02,15.2,38,57760,-1
10:14:44,15.2,12,18240,-1
10:14:38,15.2,28,42560,-1
10:14:29,15.2,1,1520,-1
10:13:53,15.2,20,30400,-1
10:13:50,15.2,74,113848,1
10:13:47,15.2,50,76000,1
10:13:38,15.2,10,15200,1
10:13:35,15.2,8,12160,1
10:13:32,15.2,3,4560,1
10:13:20,15.2,43,65512,-1
10:13:14,15.2,27,41040,-1
10:13:11,15.2,5,7600,-1
10:13:08,15.2,13,19760,-1
10:13:05,15.2,72,109440,-1
10:12:56,15.2,33,50160,-1
10:12:53,15.21,7,10647,1
10:12:50,15.2,15,22800,-1
10:12:47,15.2,30,45600,-1
10:12:41,15.2,25,38000,-1
10:12:38,15.2,2,3040,-1
10:12:32,15.2,3,4560,-1
10:12:26,15.2,100,152000,-1
10:12:17,15.21,27,41067,1
10:12:14,15.2,20,30400,-1
10:12:05,15.21,10,15210,1
10:12:02,15.21,10,15210,1
10:11:59,15.2,19,28880,-1
10:11:53,15.2,15,22800,-1
10:11:44,15.2,8,12160,-1
10:11:32,15.21,27,41067,1
10:11:29,15.21,10,15210,1
10:11:26,15.21,4,6084,1
10:11:23,15.2,2,3040,-1
10:11:20,15.21,19,28899,1
10:11:17,15.2,2,3040,-1
10:11:02,15.21,41,62361,1
10:10:59,15.2,8,12160,-1
10:10:50,15.2,11,16720,-1
10:10:38,15.2,101,153520,-1
10:10:32,15.21,50,76050,1
10:10:29,15.2,122,185440,-1
10:10:20,15.2,1,1520,-1
10:10:17,15.2,30,45600,-1
10:10:14,15.21,10,15210,1
10:09:59,15.2,1,1520,-1
10:09:35,15.21,6,9126,1
10:09:32,15.21,21,31941,1
10:09:23,15.21,9,13689,1
10:09:17,15.2,10,15200,-1
10:09:11,15.21,3,4563,1
10:09:04,15.21,21,31941,1
10:08:55,15.2,106,161120,-1
10:08:50,15.2,6,9120,-1
10:08:37,15.2,10,15200,-1
10:08:29,15.21,12,18252,-1
10:08:26,15.2,0,0,-1
10:08:19,15.2,17,25840,-1
10:08:16,15.2,38,57760,-1
10:08:13,15.2,2,3040,-1
10:07:58,15.22,4,6088,1
10:07:46,15.2,252,383040,-1
10:07:43,15.22,30,45660,1
10:07:31,15.21,0,0,-1
10:07:19,15.21,70,106470,-1
10:07:07,15.21,25,38025,-1
10:07:01,15.21,23,34983,-1
10:06:55,15.23,35,53305,1
10:06:51,15.21,3,4563,-1
10:06:49,15.21,11,16731,-1
10:06:45,15.21,10,15210,-1
10:06:36,15.21,22,33462,-1
10:06:34,15.21,25,38025,-1
10:06:24,15.21,40,60840,-1
10:06:21,15.21,0,0,-1
10:06:18,15.21,2,3042,-1
10:06:12,15.21,0,0,-1
10:06:06,15.21,7,10647,-1
10:05:54,15.22,12,18264,1
10:05:51,15.21,35,53235,-1
10:05:45,15.22,8,12176,1
10:05:39,15.21,5,7605,-1
10:05:36,15.22,10,15220,1
10:05:30,15.22,12,18264,1
10:05:24,15.22,5,7610,1
10:05:21,15.21,25,38025,-1
10:05:15,15.21,8,12168,-1
10:05:09,15.22,10,15220,1
10:05:06,15.22,14,21308,-1
10:05:03,15.23,5,7615,1
10:04:54,15.22,15,22830,-1
10:04:42,15.23,3,4569,-1
10:04:36,15.23,7,10661,0
10:04:33,15.21,90,136890,-1
10:04:27,15.23,4,6092,1
10:04:15,15.23,46,70058,1
10:04:12,15.23,32,48736,1
10:03:54,15.23,30,45690,1
10:03:42,15.25,35,53375,-1
10:03:39,15.25,10,15250,-1
10:03:36,15.25,10,15250,-1
10:03:30,15.25,16,24400,-1
10:03:27,15.25,928,1415200,1
10:03:24,15.21,51,77571,1
10:03:21,15.21,12,18252,1
10:03:18,15.2,467,709840,-1
10:03:12,15.2,10,15200,-1
10:03:09,15.21,12,18252,1
10:03:00,15.21,30,45630,-1
10:02:45,15.2,19,28880,-1
10:02:39,15.21,65,98865,1
10:02:33,15.21,10,15210,1
10:02:27,15.21,5,7605,1
10:02:18,15.21,7,10647,1
10:02:15,15.21,34,51714,-1
10:01:57,15.22,1,1522,-1
10:01:54,15.22,9,13698,0
10:01:51,15.21,2,3042,-1
10:01:48,15.21,4,6084,-1
10:01:42,15.21,5,7605,-1
10:01:39,15.2,0,0,-1
10:01:36,15.2,0,0,-1
10:01:33,15.2,27,41040,-1
10:01:30,15.24,8,12192,1
10:01:21,15.2,1666,2533688,-1
10:01:15,15.23,74,112702,-1
10:01:06,15.23,45,68535,-1
10:01:03,15.24,6,9144,1
10:01:00,15.24,2,3048,1
10:00:54,15.24,12,18288,0
10:00:48,15.24,40,60960,-1
10:00:45,15.25,25,38125,1
10:00:39,15.24,14,21336,1
10:00:36,15.24,30,45720,-1
10:00:21,15.24,27,41148,1
10:00:18,15.25,0,0,1
10:00:15,15.25,3,4575,1
10:00:03,15.25,72,109800,1
10:00:00,15.24,17,25908,1
09:59:57,15.24,5,7620,1
09:59:51,15.24,101,153924,-1
09:59:48,15.24,26,39624,-1
09:59:45,15.25,120,183000,1
09:59:30,15.24,11,16764,-1
09:59:26,15.24,35,53340,-1
09:59:23,15.24,4,6096,-1
09:59:06,15.25,10,15250,1
09:58:59,15.24,14,21336,-1
09:58:56,15.26,7,10682,1
09:58:44,15.26,276,421176,1
09:58:26,15.24,14,21336,1
09:58:23,15.24,5,7620,1
09:58:14,15.23,6,9138,-1
09:58:08,15.23,2,3046,-1
09:58:05,15.23,4,6092,-1
09:57:53,15.22,0,0,-1
09:57:47,15.22,0,0,-1
09:57:41,15.22,4,6088,-1
09:57:32,15.26,50,76300,1
09:57:29,15.25,50,76250,1
09:57:23,15.22,178,270916,1
09:57:20,15.22,10,15220,1
09:57:17,15.21,10,15210,-1
09:57:08,15.22,3,4566,1
09:56:59,15.22,3,4566,1
09:56:56,15.22,14,21308,-1
09:56:53,15.25,0,0,1
09:56:50,15.25,215,327875,1
09:56:47,15.24,12,18288,1
09:56:41,15.22,11,16742,-1
09:56:38,15.24,15,22860,1
09:56:29,15.22,5,7610,-1
09:56:23,15.24,2,3048,1
09:56:20,15.24,26,39624,1
09:56:14,15.24,91,138684,1
09:56:11,15.23,2,3046,-1
09:55:59,15.23,45,68535,-1
09:55:53,15.23,110,167530,1
09:55:44,15.2,21,31920,-1
09:55:32,15.2,25,38000,-1
09:55:17,15.22,6,9132,-1
09:54:59,15.22,5,7610,-1
09:54:56,15.22,25,38050,-1
09:54:44,15.22,9,13698,1
09:54:38,15.21,60,91260,-1
09:54:35,15.22,7,10654,1
09:54:26,15.22,27,41094,1
09:54:20,15.22,9,13698,1
09:54:07,15.22,3,4566,1
09:54:05,15.22,6,9132,1
09:54:02,15.22,5,7610,1
09:53:56,15.21,3,4563,-1
09:53:50,15.21,52,79092,1
09:53:47,15.2,57,86640,-1
09:53:41,15.21,11,16731,1
09:53:32,15.2,1,1520,-1
09:53:26,15.21,8,12168,1
09:53:23,15.2,3,4560,1
09:53:20,15.2,9,13680,1
09:53:17,15.19,0,0,-1
09:53:08,15.19,40,60760,-1
09:53:05,15.2,60,91701,1
09:53:02,15.2,2,3040,1
09:52:53,15.2,9,13680,1
09:52:50,15.19,90,136710,-1
09:52:41,15.2,3,4560,1
09:52:38,15.2,16,24320,1
09:52:35,15.2,3,4560,1
09:52:29,15.2,11,16720,1
09:52:26,15.19,7,10633,-1
09:52:23,15.2,3,4560,1
09:52:20,15.2,210,319200,1
09:52:17,15.19,59,89621,-1
09:52:14,15.19,8,12152,-1
09:52:11,15.2,8,12160,1
09:52:07,15.19,11,16709,-1
09:52:05,15.19,10,15190,-1
09:52:02,15.19,6,9114,-1
09:51:59,15.19,4,6076,-1
09:51:53,15.2,28,42560,1
09:51:29,15.19,70,106330,1
09:51:26,15.19,10,15190,1
09:51:23,15.18,37,56166,-1
09:51:17,15.18,3,4554,-1
09:51:14,15.19,14,21266,1
09:51:10,15.19,6,9114,1
09:51:08,15.18,27,40986,-1
09:50:59,15.19,9,13671,-1
09:50:55,15.19,1,1519,-1
09:50:53,15.18,0,0,-1
09:50:43,15.18,13,19734,-1
09:50:37,15.18,1,1518,-1
09:50:34,15.18,5,7590,-1
09:50:31,15.18,23,34914,-1
09:50:29,15.2,9,13680,1
09:50:25,15.2,7,10640,1
09:50:19,15.2,12,18240,1
09:50:11,15.2,14,21280,1
09:50:07,15.18,1,1518,-1
09:49:58,15.2,110,167200,1
09:49:55,15.18,17,25806,-1
09:49:46,15.19,17,25823,1
09:49:40,15.18,5,7590,1
09:49:37,15.18,5,7590,1
09:49:34,15.18,24,36432,1
09:49:32,15.17,18,27306,-1
09:49:28,15.17,28,42476,-1
09:49:25,15.18,17,25806,1
09:49:19,15.18,30,45540,1
09:49:10,15.17,26,39442,-1
09:49:07,15.18,9,13662,1
09:49:04,15.18,33,50094,1
09:49:01,15.18,0,0,1
09:48:58,15.18,7,10626,1
09:48:55,15.16,3,4548,-1
09:48:52,15.17,19,28823,-1
09:48:49,15.17,15,22755,-1
09:48:46,15.17,267,405039,-1
09:48:43,15.18,1,1518,1
09:48:40,15.18,4,6072,1
09:48:31,15.18,6,9108,1
09:48:28,15.17,2,3034,-1
09:48:22,15.17,4,6068,-1
09:48:18,15.18,15,22770,1
09:48:13,15.18,14,21252,1
09:48:06,15.17,3,4551,-1
09:48:03,15.18,10,15180,0
09:48:00,15.17,50,75850,-1
09:47:57,15.18,23,34914,-1
09:47:54,15.18,16,24288,-1
09:47:51,15.18,30,45540,-1
09:47:45,15.19,4,6076,1
09:47:36,15.18,30,45540,-1
09:47:30,15.19,17,25823,-1
09:47:27,15.19,43,65317,-1
09:47:24,15.19,72,109368,-1
09:47:21,15.19,4,6076,-1
09:46:57,15.2,7,10640,1
09:46:42,15.19,18,27342,1
09:46:39,15.18,9,13662,-1
09:46:36,15.19,20,30380,1
09:46:27,15.18,0,0,-1
09:46:18,15.18,2,3036,-1
09:46:15,15.18,19,28842,1
09:46:12,15.18,2,3036,1
09:46:09,15.18,13,19734,1
09:46:06,15.18,1,1518,1
09:45:57,15.18,20,30360,-1
09:45:54,15.18,93,141174,-1
09:45:48,15.18,10,15180,-1
09:45:45,15.18,6,9108,-1
09:45:21,15.18,12,18216,1
09:45:09,15.17,72,109224,1
09:45:06,15.17,4,6068,1
09:45:00,15.16,14,21224,-1
09:44:54,15.17,5,7585,1
09:44:48,15.17,45,68265,1
09:44:39,15.16,5,7580,-1
09:44:36,15.16,1,1516,-1
09:44:27,15.16,16,24256,-1
09:44:24,15.16,37,56092,-1
09:44:21,15.16,24,36384,1
09:44:06,15.15,71,107565,-1
09:44:00,15.15,35,53025,-1
09:43:54,15.15,0,0,-1
09:43:51,15.15,33,49995,-1
09:43:45,15.16,242,366872,-1
09:43:42,15.17,43,65231,1
09:43:30,15.16,38,57608,-1
09:43:27,15.16,10,15160,-1
09:43:21,15.16,8,12128,-1
09:43:18,15.16,10,15160,-1
09:43:15,15.17,46,69782,1
09:43:12,15.16,26,39416,-1
09:43:06,15.16,20,30320,-1
09:43:03,15.17,2,3034,1
09:42:57,15.17,335,508195,-1
09:42:54,15.18,17,25806,1
09:42:45,15.18,44,66792,1
09:42:42,15.18,4,6072,-1
09:42:36,15.18,34,51612,-1
09:42:30,15.18,10,15180,-1
09:42:24,15.18,26,39468,-1
09:42:21,15.19,5,7595,1
09:42:18,15.18,18,27324,-1
09:42:09,15.2,0,0,1
09:42:06,15.2,6,9120,1
09:42:00,15.18,5,7590,-1
09:41:57,15.18,12,18216,1
09:41:54,15.18,27,40986,1
09:41:51,15.18,2,3036,1
09:41:45,15.18,3,4554,1
09:41:42,15.17,147,222999,-1
09:41:39,15.18,9,13662,1
09:41:30,15.17,62,94054,1
09:41:27,15.17,20,30340,1
09:41:21,15.17,148,224516,1
09:41:18,15.16,3,4548,-1
09:41:12,15.17,2,3034,1
09:41:09,15.16,2,3032,-1
09:41:03,15.16,2,3032,-1
09:41:00,15.17,8,12136,1
09:40:57,15.17,26,39442,1
09:40:54,15.16,271,410836,-1
09:40:51,15.16,112,169792,-1
09:40:45,15.16,60,90960,-1
09:40:42,15.16,648,982368,1
09:40:39,15.15,22,33330,-1
09:40:36,15.15,100,151500,-1
09:40:32,15.16,6,9096,1
09:40:30,15.16,15,22740,1
09:40:23,15.16,9,13644,1
09:40:21,15.15,15,22725,-1
09:40:18,15.15,2,3030,-1
09:40:11,15.16,122,184952,1
09:40:08,15.15,124,187860,-1
09:40:02,15.16,11,16676,-1
09:39:59,15.17,40,60680,1
09:39:56,15.16,0,0,1
09:39:47,15.16,12,18192,1
09:39:38,15.14,7,10598,1
09:39:35,15.14,1,1514,1
09:39:32,15.14,17,25738,1
09:39:26,15.13,38,57494,-1
09:39:23,15.13,30,45390,1
09:39:20,15.13,46,69598,0
09:39:17,15.12,57,86184,-1
09:39:14,15.17,132,200244,1
09:39:11,15.14,56,84784,1
09:39:08,15.13,57,86241,0
09:39:05,15.14,6,9084,1
09:39:02,15.11,126,190386,-1
09:38:59,15.14,11,16654,1
09:38:56,15.14,18,27252,1
09:38:53,15.14,59,89326,1
09:38:50,15.14,276,417864,-1
09:38:47,15.14,40,60560,-1
09:38:44,15.14,2,3028,-1
09:38:41,15.15,49,74235,1
09:38:38,15.11,542,818962,-1
09:38:35,15.14,22,33308,1
09:38:32,15.14,20,30280,1
09:38:29,15.14,22,33308,1
09:38:23,15.14,15,22710,1
09:38:20,15.14,150,227100,-1
09:38:17,15.15,10,15150,1
09:38:14,15.14,23,34822,-1
09:38:08,15.15,316,478740,-1
09:38:05,15.16,112,169792,1
09:38:02,15.16,0,0,0
09:37:59,15.16,113,171308,-1
09:37:56,15.17,10,15170,1
09:37:50,15.17,243,368631,-1
09:37:47,15.17,350,530950,-1
09:37:44,15.19,5,7595,1
09:37:38,15.19,180,273420,1
09:37:35,15.19,11,16709,-1
09:37:32,15.19,9,13671,1
09:37:29,15.18,108,163944,-1
09:37:26,15.19,24,36456,1
09:37:20,15.18,11,16698,-1
09:37:17,15.19,3,4557,1
09:37:14,15.19,7,10633,1
09:37:11,15.19,4,6076,1
09:37:08,15.19,71,107849,1
09:37:02,15.18,14,21252,-1
09:36:56,15.2,72,109440,1
09:36:53,15.19,189,287091,-1
09:36:50,15.2,6,9120,1
09:36:47,15.2,31,47120,1
09:36:44,15.19,65,98735,-1
09:36:41,15.2,7,10640,1
09:36:38,15.19,3,4557,-1
09:36:35,15.19,14,21266,-1
09:36:29,15.2,20,30400,1
09:36:26,15.2,3,4560,1
09:36:23,15.2,10,15200,1
09:36:20,15.2,7,10640,1
09:36:17,15.2,2,3040,1
09:36:14,15.2,30,45600,1
09:36:11,15.2,6,9120,1
09:36:08,15.2,65,98800,-1
09:36:05,15.2,20,30400,-1
09:36:02,15.2,100,152000,1
09:35:56,15.19,15,22785,-1
09:35:53,15.2,43,65360,1
09:35:47,15.19,45,68355,-1
09:35:44,15.2,174,264480,1
09:35:38,15.19,105,159495,-1
09:35:35,15.2,23,34960,-1
09:35:32,15.2,8,12160,1
09:35:29,15.2,25,38000,1
09:35:26,15.2,37,56240,1
09:35:23,15.2,37,56240,1
09:35:20,15.2,18,27360,1
09:35:14,15.2,57,86640,1
09:35:05,15.19,31,47089,-1
09:34:59,15.2,6,9120,1
09:34:49,15.19,47,71393,-1
09:34:44,15.19,41,62279,1
09:34:35,15.19,6,9114,1
09:34:31,15.18,1,1518,-1
09:34:28,15.19,16,24304,1
09:34:25,15.19,0,0,1
09:34:22,15.19,44,66836,1
09:34:16,15.17,56,84952,-1
09:34:13,15.18,21,31878,-1
09:34:10,15.18,165,250470,-1
09:34:07,15.18,47,71346,-1
09:34:04,15.18,96,145728,-1
09:33:58,15.19,7,10633,1
09:33:55,15.18,56,85008,-1
09:33:52,15.18,107,162426,-1
09:33:49,15.19,10,15190,1
09:33:46,15.18,17,25806,-1
09:33:43,15.18,202,306636,-1
09:33:37,15.18,10,15180,-1
09:33:34,15.19,0,0,1
09:33:31,15.19,56,85064,1
09:33:28,15.18,30,45540,-1
09:33:25,15.18,44,66792,-1
09:33:22,15.19,20,30380,-1
09:33:19,15.19,1,1519,-1
09:33:13,15.18,26,39468,-1
09:33:10,15.2,131,199120,1
09:33:07,15.18,166,251988,-1
09:33:04,15.18,18,27324,-1
09:33:01,15.18,22,33396,-1
09:32:58,15.19,8,12152,1
09:32:55,15.19,2,3038,0
09:32:52,15.18,52,78936,-1
09:32:49,15.18,17,25806,-1
09:32:43,15.18,0,0,-1
09:32:40,15.18,7,10626,1
09:32:37,15.17,193,292781,-1
09:32:34,15.21,14,21294,1
09:32:31,15.2,2,3040,-1
09:32:22,15.2,36,54720,1
09:32:19,15.2,11,16720,1
09:32:16,15.19,150,227850,-1
09:32:13,15.2,20,30400,0
09:32:10,15.21,145,220545,1
09:32:07,15.2,20,30400,-1
09:32:04,15.21,5,7605,1
09:31:58,15.2,12,18240,-1
09:31:52,15.2,10,15200,-1
09:31:49,15.21,16,24336,1
09:31:46,15.2,16,24320,-1
09:31:43,15.2,5,7600,-1
09:31:37,15.2,9,13680,0
09:31:34,15.19,34,51646,-1
09:31:31,15.21,7,10647,1
09:31:28,15.2,139,211280,1
09:31:25,15.19,16,24304,-1
09:31:19,15.19,2,3038,-1
09:31:16,15.19,45,68355,1
09:31:13,15.19,109,165571,1
09:31:10,15.18,65,98670,-1
09:31:07,15.19,25,37975,1
09:31:01,15.19,9,13671,-1
09:30:58,15.19,71,107849,0
09:30:55,15.18,58,88044,-1
09:30:52,15.19,29,44051,-1
09:30:49,15.2,28,42560,1
09:30:43,15.2,210,319200,-1
09:30:40,15.21,28,42588,1
09:30:37,15.21,10,15210,1
09:30:34,15.21,39,59319,-1
09:30:28,15.22,10,15220,1
09:30:25,15.22,39,59358,0
09:30:22,15.2,26,39520,-1
09:30:19,15.22,3,4566,1
09:30:16,15.21,263,400023,-1
09:30:10,15.22,15,22830,1
09:30:07,15.22,398,605756,-1
09:30:04,15.22,249,378978,-1
09:28:54,15.22,0,0,-1
09:25:03,15.22,634,964948,1
