timestamp,price,volume,turnover,direction
15:00:00,14.86,0,0,-1
15:00:00,14.86,0,0,-1
14:59:59,14.86,3,4458,1
14:59:53,14.86,14,20804,1
14:59:44,14.86,48,71328,1
14:59:41,14.86,36,53496,1
14:59:38,14.86,31,46066,1
14:59:32,14.86,99,147114,1
14:59:23,14.85,5,7425,-1
14:59:20,14.85,43,63855,-1
14:59:14,14.85,14,20790,1
14:59:08,14.85,13,19305,1
14:59:05,14.85,13,19305,1
14:58:59,14.85,69,102465,1
14:58:56,14.85,3,4455,1
14:58:50,14.85,5,7425,1
14:58:47,14.85,6,8910,1
14:58:41,14.85,12,17820,1
14:58:38,14.85,13,19305,1
14:58:35,14.85,51,75735,1
14:58:29,14.85,1,1485,1
14:58:26,14.84,8,11872,-1
14:58:16,14.85,3,4455,1
14:58:10,14.85,100,148500,1
14:58:07,14.85,7,10395,1
14:58:01,14.85,2,2970,1
14:57:49,14.84,1,1484,-1
14:57:46,14.84,11,16324,-1
14:57:43,14.84,38,56392,1
14:57:40,14.84,5,7420,1
14:57:37,14.84,55,81620,1
14:57:34,14.84,5,7420,1
14:57:31,14.84,17,25228,1
14:57:25,14.84,7,10388,1
14:57:22,14.84,84,124656,1
14:57:19,14.84,1,1484,1
14:57:13,14.84,5,7420,1
14:57:10,14.84,7,10388,1
14:57:01,14.84,36,53424,1
14:56:55,14.83,1,1483,-1
14:56:52,14.84,80,118720,1
14:56:46,14.83,10,14830,-1
14:56:40,14.83,31,45973,1
14:56:37,14.82,6,8892,-1
14:56:19,14.83,23,34109,1
14:56:16,14.82,52,77064,-1
14:56:13,14.82,6,8892,-1
14:56:10,14.82,2,2964,-1
14:56:01,14.83,32,47456,1
14:55:58,14.82,2,2964,-1
14:55:55,14.82,18,26676,-1
14:55:52,14.82,5,7410,-1
14:55:49,14.82,26,38532,-1
14:55:46,14.82,5,7410,-1
14:55:43,14.82,7,10374,-1
14:55:34,14.82,8,11856,-1
14:55:31,14.82,5,7410,-1
14:55:28,14.83,7,10381,1
14:55:19,14.83,20,29660,-1
14:55:16,14.83,6,8898,-1
14:55:13,14.83,6,8898,-1
14:55:10,14.83,21,31143,-1
14:55:07,14.83,6,8898,-1
14:55:04,14.83,10,14830,-1
14:55:01,14.84,2,2968,1
14:54:55,14.83,27,40041,-1
14:54:52,14.83,1,1483,-1
14:54:49,14.83,20,29660,-1
14:54:46,14.83,1,1483,-1
14:54:43,14.83,1,1483,-1
14:54:40,14.84,3,4452,1
14:54:31,14.84,1,1484,1
14:54:28,14.83,8,11864,-1
14:54:25,14.83,12,17796,-1
14:54:22,14.84,125,185500,-1
14:54:19,14.84,1,1484,-1
14:54:13,14.84,6,8904,-1
14:54:07,14.84,5,7420,-1
14:54:04,14.84,3,4452,-1
14:54:01,14.85,7,10395,1
14:53:58,14.85,10,14850,-1
14:53:55,14.85,2,2970,-1
14:53:52,14.85,18,26730,1
14:53:49,14.84,4,5936,-1
14:53:43,14.85,5,7425,-1
14:53:40,14.85,3,4455,-1
14:53:34,14.85,6,8910,-1
14:53:31,14.85,1,1485,-1
14:53:28,14.85,4,5940,-1
14:53:25,14.85,5,7425,-1
14:53:19,14.85,2,2970,-1
14:53:16,14.85,1,1485,-1
14:53:13,14.85,10,14850,-1
14:53:04,14.85,7,10395,-1
14:53:01,14.85,3,4455,-1
14:52:58,14.85,1,1485,-1
14:52:55,14.85,16,23760,-1
14:52:49,14.85,1,1485,-1
14:52:34,14.85,4,5940,-1
14:52:31,14.85,10,14850,-1
14:52:25,14.85,6,8910,-1
14:52:22,14.85,8,11880,1
14:52:19,14.84,100,148400,-1
14:52:13,14.84,2,2968,-1
14:52:10,14.84,1,1484,-1
14:52:07,14.84,1,1484,-1
14:52:01,14.84,6,8904,-1
14:51:58,14.85,10,14850,1
14:51:52,14.84,0,0,-1
14:51:49,14.84,7,10388,-1
14:51:43,14.85,0,0,1
14:51:40,14.85,14,20790,1
14:51:37,14.84,9,13356,-1
14:51:28,14.84,2,2968,-1
14:51:25,14.84,1,1484,-1
14:51:13,14.84,2,2968,-1
14:51:10,14.84,1,1484,-1
14:51:07,14.85,61,90585,1
14:50:58,14.85,2,2970,1
14:50:52,14.85,40,59400,1
14:50:49,14.85,9,13365,1
14:50:43,14.84,3,4452,-1
14:50:40,14.84,1,1484,-1
14:50:34,14.84,21,31164,1
14:50:30,14.83,25,37075,-1
14:50:25,14.83,1,1483,-1
14:50:22,14.83,3,4449,-1
14:50:19,14.83,28,41524,-1
14:50:16,14.83,4,5932,-1
14:50:13,14.83,1,1483,-1
14:50:07,14.83,4,5932,-1
14:50:01,14.83,2,2966,-1
14:49:58,14.83,2,2966,-1
14:49:55,14.83,1,1483,-1
14:49:49,14.83,28,41524,-1
14:49:45,14.83,1,1483,-1
14:49:36,14.83,1,1483,-1
14:49:34,14.83,3,4449,-1
14:49:27,14.85,1,1485,1
14:49:22,14.84,2,2968,1
14:49:18,14.83,9,13347,-1
14:49:15,14.83,15,22245,-1
14:49:09,14.83,9,13347,-1
14:49:03,14.84,64,94976,1
14:48:52,14.83,2,2966,-1
14:48:39,14.84,115,170660,1
14:48:36,14.84,7,10388,1
14:48:27,14.83,3,4449,-1
14:48:24,14.83,2,2966,-1
14:48:15,14.84,1,1484,1
14:48:06,14.83,11,16313,-1
14:48:03,14.83,2,2966,-1
14:48:00,14.83,1,1483,-1
14:47:48,14.84,15,22260,-1
14:47:42,14.85,4,5940,1
14:47:39,14.84,2,2968,-1
14:47:36,14.84,1,1484,-1
14:47:30,14.84,1,1484,-1
14:47:27,14.85,1,1485,1
14:47:21,14.84,1,1484,-1
14:47:18,14.84,2,2968,-1
14:47:15,14.84,1,1484,-1
14:47:06,14.84,4,5936,0
14:47:03,14.83,1,1483,-1
14:46:57,14.83,63,93429,-1
14:46:51,14.83,50,74150,-1
14:46:45,14.83,1,1483,-1
14:46:42,14.85,2,2970,-1
14:46:36,14.86,28,41608,-1
14:46:33,14.85,0,0,-1
14:46:30,14.85,10,14850,-1
14:46:27,14.86,20,29720,-1
14:46:21,14.86,215,319490,1
14:46:18,14.83,3,4449,-1
14:46:15,14.85,61,90585,-1
14:46:12,14.85,1,1485,-1
14:46:09,14.85,27,40095,-1
14:46:06,14.85,112,166320,-1
14:46:03,14.85,148,219780,-1
14:45:57,14.85,3,4455,-1
14:45:54,14.85,4,5940,-1
14:45:51,14.85,1,1485,-1
14:45:48,14.85,2,2970,-1
14:45:45,14.85,42,62370,-1
14:45:42,14.86,1,1486,-1
14:45:39,14.86,81,120366,1
14:45:33,14.86,3,4458,1
14:45:30,14.85,2,2970,-1
14:45:27,14.85,1,1485,-1
14:45:24,14.86,4,5944,-1
14:45:21,14.86,13,19318,-1
14:45:15,14.87,1,1487,1
14:45:12,14.86,20,29720,-1
14:45:06,14.87,3,4461,1
14:45:00,14.86,50,74300,-1
14:44:57,14.86,1,1486,-1
14:44:48,14.86,1,1486,-1
14:44:45,14.86,3,4458,-1
14:44:41,14.86,136,202096,1
14:44:36,14.86,40,59440,1
14:44:33,14.85,42,62370,-1
14:44:24,14.85,1,1485,-1
14:44:21,14.85,3,4455,-1
14:44:18,14.85,8,11880,-1
14:44:14,14.85,29,43065,1
14:44:06,14.84,100,148400,-1
14:44:03,14.85,46,68310,1
14:43:59,14.84,11,16324,-1
14:43:56,14.84,2,2968,-1
14:43:53,14.84,1,1484,-1
14:43:47,14.85,9,13365,1
14:43:38,14.84,2,2968,-1
14:43:35,14.84,30,44520,1
14:43:29,14.83,1,1483,-1
14:43:26,14.83,1,1483,-1
14:43:20,14.84,0,0,0
14:43:17,14.84,14,20776,-1
14:43:14,14.85,14,20790,-1
14:43:11,14.85,1,1485,-1
14:43:02,14.85,6,8910,-1
14:42:59,14.85,79,117315,-1
14:42:56,14.85,27,40095,-1
14:42:53,14.85,2,2970,-1
14:42:44,14.85,107,158895,1
14:42:41,14.83,4,5932,0
14:42:38,14.85,90,133650,1
14:42:32,14.82,2,2964,-1
14:42:29,14.84,5,7420,-1
14:42:26,14.84,84,124656,1
14:42:14,14.82,0,0,-1
14:42:08,14.82,2,2964,-1
14:42:05,14.83,38,56354,1
14:42:02,14.83,1,1483,1
14:41:56,14.82,10,14820,-1
14:41:50,14.82,1,1482,-1
14:41:47,14.82,1,1482,-1
14:41:44,14.82,1,1482,-1
14:41:35,14.83,1,1483,1
14:41:26,14.82,2,2964,-1
14:41:23,14.84,90,133560,1
14:41:20,14.83,5,7415,-1
14:41:14,14.83,27,40041,-1
14:41:11,14.83,12,17796,-1
14:41:05,14.83,1,1483,-1
14:41:02,14.83,1,1483,-1
14:40:59,14.83,3,4449,-1
14:40:56,14.84,3,4452,1
14:40:53,14.83,2,2966,-1
14:40:50,14.83,20,29660,-1
14:40:41,14.83,2,2966,-1
14:40:38,14.83,1,1483,-1
14:40:35,14.83,20,29660,-1
14:40:31,14.84,138,204792,1
14:40:29,14.83,2,2966,1
14:40:16,14.82,3,4446,-1
14:40:13,14.83,30,44490,-1
14:40:07,14.83,10,14830,-1
14:40:01,14.83,5,7415,-1
14:39:55,14.83,1,1483,-1
14:39:52,14.83,99,146817,1
14:39:34,14.83,10,14830,1
14:39:31,14.81,2,2962,-1
14:39:28,14.81,93,137733,-1
14:39:25,14.81,10,14810,-1
14:39:22,14.83,3,4449,1
14:39:13,14.83,5,7415,1
14:39:10,14.83,11,16313,1
14:39:07,14.81,2,2962,-1
14:39:04,14.83,5,7415,1
14:38:52,14.81,2,2962,-1
14:38:46,14.81,1,1481,-1
14:38:43,14.81,306,453186,-1
14:38:25,14.81,93,137733,-1
14:38:19,14.81,1,1481,-1
14:38:16,14.83,0,0,1
14:38:13,14.83,1,1483,1
14:38:04,14.81,1,1481,-1
14:38:01,14.83,13,19279,1
14:37:55,14.81,1,1481,-1
14:37:52,14.83,85,126055,1
14:37:49,14.82,5,7410,1
14:37:43,14.82,1,1482,1
14:37:40,14.81,6,8886,-1
14:37:19,14.81,1,1481,1
14:37:16,14.81,22,32582,1
14:37:13,14.81,30,44430,1
14:37:07,14.8,6,8880,-1
14:37:04,14.8,39,57720,-1
14:36:58,14.8,31,45880,1
14:36:55,14.8,50,74000,1
14:36:52,14.79,119,176001,-1
14:36:49,14.79,2,2958,-1
14:36:46,14.79,80,118320,-1
14:36:43,14.79,1,1479,-1
14:36:31,14.79,2,2958,-1
14:36:28,14.79,11,16268,-1
14:36:25,14.79,5,7395,-1
14:36:22,14.79,28,41412,1
14:36:19,14.78,1,1478,-1
14:36:16,14.79,1,1479,1
14:36:10,14.78,1,1478,-1
14:36:04,14.79,16,23664,0
14:36:01,14.8,12,17760,1
14:35:58,14.78,1,1478,-1
14:35:55,14.78,7,10346,-1
14:35:49,14.79,2,2958,-1
14:35:46,14.79,1,1479,-1
14:35:40,14.79,8,11832,1
14:35:37,14.79,5,7395,1
14:35:34,14.79,14,20706,1
14:35:25,14.79,4,5916,1
14:35:22,14.79,90,133110,1
14:35:10,14.79,31,45849,1
14:35:04,14.78,8,11824,-1
14:35:01,14.78,6,8868,-1
14:34:52,14.78,2,2956,-1
14:34:49,14.78,19,28082,-1
14:34:46,14.78,1,1478,-1
14:34:43,14.79,2,2958,1
14:34:40,14.78,1,1478,-1
14:34:28,14.78,23,33994,1
14:34:22,14.77,1,1477,-1
14:34:19,14.77,1,1477,-1
14:34:16,14.77,11,16247,1
14:34:13,14.77,2,2954,1
14:34:10,14.76,5,7380,-1
14:33:58,14.76,1,1476,-1
14:33:55,14.76,1,1476,-1
14:33:49,14.76,2,2952,-1
14:33:34,14.76,3,4428,-1
14:33:31,14.78,11,16258,1
14:33:28,14.78,89,131542,1
14:33:25,14.75,80,118000,-1
14:33:22,14.76,15,22140,-1
14:33:19,14.78,1,1478,1
14:33:13,14.76,1,1476,-1
14:33:06,14.76,36,53136,-1
14:33:03,14.77,1,1477,1
14:33:01,14.76,10,14760,-1
14:32:52,14.77,37,54649,1
14:32:48,14.76,6,8856,-1
14:32:30,14.77,13,19201,1
14:32:27,14.77,7,10339,1
14:32:24,14.77,32,47264,-1
14:32:18,14.78,93,137454,1
14:32:12,14.78,1,1478,1
14:32:06,14.77,20,29540,-1
14:32:03,14.77,2,2954,-1
14:32:00,14.78,23,33994,1
14:31:57,14.78,1,1478,1
14:31:42,14.77,13,19201,-1
14:31:39,14.77,2,2954,-1
14:31:36,14.77,1,1477,-1
14:31:33,14.77,34,50218,-1
14:31:27,14.77,1,1477,1
14:31:21,14.76,1,1476,-1
14:31:18,14.77,49,72373,-1
14:31:15,14.77,1,1477,-1
14:31:03,14.78,14,20692,1
14:31:00,14.78,28,41384,-1
14:30:57,14.78,1,1478,-1
14:30:45,14.78,5,7390,1
14:30:42,14.77,20,29540,-1
14:30:36,14.77,1,1477,-1
14:30:33,14.78,12,17736,1
14:30:24,14.77,135,199395,-1
14:30:21,14.78,20,29560,1
14:30:12,14.77,2,2954,-1
14:30:03,14.77,12,17724,-1
14:30:00,14.78,12,17736,1
14:29:54,14.77,2,2954,-1
14:29:51,14.77,130,192010,1
14:29:48,14.75,39,57525,1
14:29:42,14.74,23,33902,-1
14:29:39,14.75,5,7375,1
14:29:33,14.75,12,17700,1
14:29:30,14.74,1,1474,-1
14:29:24,14.74,11,16214,-1
14:29:18,14.75,89,131275,1
14:29:15,14.75,5,7375,1
14:29:12,14.75,3,4425,1
14:29:06,14.74,1,1474,-1
14:29:00,14.75,2,2950,1
14:28:48,14.74,2,2948,-1
14:28:36,14.74,13,19162,-1
14:28:30,14.75,91,134225,1
14:28:24,14.74,1,1474,-1
14:28:21,14.74,37,54538,-1
14:28:12,14.74,22,32428,-1
14:28:06,14.75,2,2950,1
14:28:03,14.75,31,45725,1
14:27:59,14.74,10,14740,-1
14:27:53,14.75,9,13275,1
14:27:44,14.74,5,7370,-1
14:27:42,14.75,20,29500,1
14:27:38,14.74,1,1474,-1
14:27:32,14.74,33,48642,-1
14:27:23,14.74,44,64856,1
14:27:17,14.74,3,4422,1
14:27:11,14.74,99,145926,-1
14:26:56,14.74,6,8844,-1
14:26:47,14.75,27,39825,1
14:26:44,14.74,205,302170,-1
14:26:41,14.75,18,26550,1
14:26:38,14.74,4,5896,-1
14:26:35,14.74,12,17688,-1
14:26:32,14.74,1,1474,-1
14:26:17,14.74,27,39798,1
14:26:08,14.74,12,17688,-1
14:26:05,14.72,61,89792,-1
14:25:53,14.75,10,14750,1
14:25:50,14.74,2,2948,-1
14:25:47,14.74,20,29480,-1
14:25:44,14.75,20,29500,1
14:25:38,14.75,20,29500,1
14:25:26,14.74,1,1474,-1
14:25:20,14.74,50,73700,1
14:25:17,14.72,3,4416,1
14:25:14,14.72,4,5888,1
14:25:11,14.72,28,41216,-1
14:25:05,14.72,5,7360,-1
14:24:56,14.72,15,22080,-1
14:24:53,14.72,4,5888,-1
14:24:47,14.72,36,52992,-1
14:24:26,14.72,51,75072,-1
14:24:23,14.72,38,55936,1
14:24:20,14.72,7,10304,1
14:24:17,14.72,8,11776,1
14:24:14,14.72,20,29440,1
14:24:11,14.72,4,5888,1
14:24:05,14.72,77,113344,-1
14:23:59,14.73,4,5892,1
14:23:56,14.73,5,7365,1
14:23:53,14.73,5,7365,1
14:23:50,14.73,52,76596,-1
14:23:23,14.73,75,110475,1
14:23:14,14.73,4,5892,1
14:23:05,14.72,26,38272,1
14:23:02,14.72,23,33856,1
14:22:59,14.72,2,2944,1
14:22:56,14.72,46,67712,1
14:22:47,14.72,13,19136,1
14:22:41,14.72,25,36800,1
14:22:29,14.72,3,4416,1
14:22:25,14.72,3,4416,1
14:22:22,14.72,41,60352,1
14:22:20,14.72,5,7360,1
14:22:16,14.72,10,14720,1
14:22:11,14.72,6,8832,1
14:22:01,14.72,43,63296,1
14:21:46,14.71,46,67666,1
14:21:43,14.7,22,32340,-1
14:21:40,14.7,157,230790,-1
14:21:37,14.71,12,17652,1
14:21:22,14.71,2,2942,1
14:21:13,14.71,16,23536,1
14:21:04,14.71,19,27949,1
14:20:55,14.69,500,734500,-1
14:20:52,14.7,54,79380,-1
14:20:49,14.7,41,61005,1
14:20:46,14.7,24,35280,1
14:20:43,14.7,57,83790,1
14:20:40,14.7,65,95550,1
14:20:37,14.69,6,8814,-1
14:20:34,14.7,16,23520,1
14:20:31,14.7,10,14700,1
14:20:28,14.7,10,14700,1
14:20:22,14.7,5,7350,1
14:20:19,14.7,11,16170,1
14:20:16,14.7,3,4410,1
14:20:13,14.69,82,120458,-1
14:20:10,14.7,1,1470,1
14:20:07,14.7,100,147000,1
14:20:04,14.7,10,14700,1
14:20:01,14.69,10,14690,-1
14:19:58,14.7,37,54390,1
14:19:55,14.7,57,83790,1
14:19:52,14.7,1,1470,1
14:19:49,14.7,105,154350,1
14:19:46,14.7,10,14700,1
14:19:43,14.69,15,22035,-1
14:19:40,14.7,146,214620,-1
14:19:37,14.71,3,4413,1
14:19:34,14.71,3,4413,1
14:19:28,14.71,8,11768,1
14:19:22,14.71,6,8826,1
14:19:19,14.71,60,88260,1
14:19:16,14.71,108,158868,1
14:19:07,14.71,5,7355,-1
14:19:04,14.72,5,7360,1
14:18:58,14.72,10,14720,1
14:18:55,14.72,1,1472,1
14:18:49,14.72,16,23552,1
14:18:46,14.72,11,16192,1
14:18:40,14.71,36,52956,1
14:18:37,14.7,394,579180,-1
14:18:28,14.73,62,91326,1
14:18:22,14.72,4,5888,1
14:18:16,14.72,8,11776,1
14:18:13,14.72,17,25024,-1
14:18:07,14.73,1,1473,1
14:17:58,14.73,16,23568,-1
14:17:55,14.74,0,0,1
14:17:49,14.74,2,2948,1
14:17:46,14.74,7,10318,1
14:17:31,14.7,1,1470,-1
14:17:28,14.69,157,230633,-1
14:17:25,14.7,45,66150,-1
14:17:22,14.74,55,81070,1
14:17:16,14.74,5,7370,1
14:17:13,14.71,5,7355,1
14:17:10,14.71,8,11768,0
14:17:07,14.73,1,1473,1
14:17:04,14.7,30,44100,-1
14:16:58,14.7,0,0,-1
14:16:55,14.7,30,44100,-1
14:16:49,14.7,0,0,-1
14:16:46,14.7,5,7350,-1
14:16:43,14.68,13,19084,1
14:16:40,14.69,7,10283,0
14:16:37,14.66,73,107018,-1
14:16:34,14.68,79,115972,-1
14:16:31,14.7,184,271626,1
14:16:28,14.69,102,149838,-1
14:16:25,14.7,28,41160,1
14:16:22,14.7,29,42630,1
14:16:19,14.7,23,33810,1
14:16:16,14.7,10,14700,1
14:16:13,14.7,8,11760,1
14:16:10,14.7,71,104370,1
14:16:07,14.7,1924,2828603,-1
14:16:04,14.75,3,4425,1
14:15:43,14.75,11,16225,-1
14:15:37,14.76,10,14760,1
14:15:33,14.76,7,10332,1
14:15:31,14.73,601,886421,-1
14:15:28,14.76,21,30996,1
14:15:25,14.76,53,78228,1
14:15:18,14.76,10,14760,1
14:15:15,14.76,100,147600,1
14:15:13,14.76,6,8856,1
14:15:06,14.76,20,29520,1
14:15:03,14.75,160,236000,-1
14:15:00,14.76,3,4428,1
14:14:51,14.76,1,1476,1
14:14:48,14.76,10,14760,1
14:14:45,14.76,57,84132,-1
14:14:42,14.76,30,44280,-1
14:14:36,14.77,2,2954,1
14:14:33,14.77,3,4431,1
14:14:30,14.77,9,13293,1
14:14:24,14.77,4,5908,1
14:14:21,14.77,8,11816,1
14:14:12,14.77,20,29540,1
14:14:06,14.77,10,14770,1
14:14:03,14.77,27,39879,-1
14:14:00,14.75,559,824525,-1
14:13:57,14.79,304,449616,1
14:13:54,14.77,5,7385,1
14:13:51,14.77,10,14770,1
14:13:48,14.77,6,8862,1
14:13:45,14.75,51,75225,-1
14:13:42,14.77,0,0,1
14:13:36,14.77,100,147700,1
14:13:33,14.76,252,371952,-1
14:13:30,14.78,2,2956,1
14:13:27,14.76,0,0,-1
14:13:24,14.76,2,2952,-1
14:13:21,14.76,0,0,-1
14:13:18,14.76,60,88560,-1
14:13:15,14.76,11,16236,-1
14:13:06,14.77,1,1477,1
14:13:03,14.77,1,1477,1
14:13:00,14.77,3,4431,1
14:12:57,14.76,129,190404,1
14:12:54,14.76,5,7380,1
14:12:51,14.76,1,1476,1
14:12:48,14.76,9,13284,1
14:12:45,14.76,21,30996,1
14:12:39,14.76,5,7380,1
14:12:36,14.76,168,247968,-1
14:12:30,14.77,29,42833,1
14:12:18,14.75,0,0,-1
14:12:12,14.75,4,5900,1
14:12:09,14.75,218,321550,-1
14:12:03,14.75,0,0,-1
14:11:57,14.75,300,442500,-1
14:11:54,14.78,19,28082,1
14:11:51,14.78,2,2956,1
14:11:36,14.76,12,17712,1
14:11:21,14.76,14,20664,1
14:11:18,14.76,1,1476,1
14:11:15,14.76,1,1476,1
14:11:12,14.76,2,2952,1
14:11:09,14.75,2,2950,1
14:11:06,14.75,28,41300,-1
14:10:57,14.76,229,338004,-1
14:10:54,14.77,5,7385,1
14:10:51,14.75,11,16225,-1
14:10:45,14.75,4,5900,-1
14:10:42,14.75,2,2950,-1
14:10:39,14.76,1,1476,-1
14:10:36,14.71,0,0,-1
14:10:30,14.71,0,0,-1
14:10:27,14.71,299,439829,-1
14:10:24,14.75,37,54575,1
14:10:21,14.75,4,5900,1
14:10:18,14.75,917,1352575,-1
14:10:15,14.77,99,146223,-1
14:10:12,14.78,2,2956,-1
14:10:06,14.78,117,172926,1
14:10:03,14.78,503,743434,1
14:10:00,14.78,5,7390,1
14:09:54,14.78,10,14780,1
14:09:50,14.78,1,1478,1
14:09:48,14.78,3,4434,1
14:09:42,14.78,1,1478,0
14:09:38,14.77,27,39879,-1
14:09:35,14.77,27,39879,1
14:09:32,14.77,3,4431,1
14:09:29,14.77,9,13293,1
14:09:26,14.76,313,461988,-1
14:09:24,14.77,17,25109,1
14:09:20,14.77,11,16247,1
14:09:18,14.77,12,17724,1
14:09:14,14.77,7,10339,1
14:09:12,14.77,114,168378,-1
14:09:08,14.79,2,2958,1
14:09:06,14.78,25,36950,-1
14:08:59,14.78,13,19214,-1
14:08:56,14.78,16,23648,-1
14:08:44,14.77,54,79758,1
14:08:41,14.77,453,669081,-1
14:08:38,14.78,9,13302,1
14:08:35,14.78,6,8868,1
14:08:32,14.78,10,14780,1
14:08:29,14.78,5,7390,1
14:08:26,14.78,3,4434,1
14:08:23,14.78,10,14780,1
14:08:20,14.78,22,32516,-1
14:08:17,14.78,2,2956,-1
14:08:14,14.8,3,4440,1
14:08:08,14.8,8,11840,1
14:08:05,14.77,3,4431,-1
14:07:56,14.77,30,44310,-1
14:07:50,14.8,0,0,1
14:07:47,14.8,10,14800,1
14:07:44,14.78,146,215788,-1
14:07:41,14.79,10,14790,-1
14:07:35,14.79,7,10353,-1
14:07:32,14.79,103,152337,-1
14:07:20,14.79,15,22185,1
14:07:14,14.79,3,4437,1
14:07:11,14.79,1,1479,1
14:07:08,14.79,10,14790,1
14:07:05,14.79,706,1044173,-1
14:06:59,14.8,20,29600,1
14:06:56,14.79,6,8874,-1
14:06:50,14.8,1,1480,1
14:06:47,14.8,5,7400,1
14:06:44,14.79,2,2958,-1
14:06:38,14.79,4,5916,-1
14:06:20,14.79,4,5916,1
14:06:17,14.78,114,168492,-1
14:06:14,14.78,50,73900,-1
14:06:05,14.79,0,0,0
14:06:02,14.79,1,1479,-1
14:05:59,14.79,4,5916,0
14:05:56,14.78,14,20692,-1
14:05:50,14.79,0,0,0
14:05:44,14.79,23,34017,-1
14:05:41,14.8,6,8880,1
14:05:38,14.8,296,438080,1
14:05:35,14.79,14,20706,-1
14:05:32,14.8,76,112480,1
14:05:29,14.8,882,1306100,-1
14:05:23,14.81,89,131809,-1
14:05:20,14.81,30,44430,-1
14:05:14,14.82,165,244530,1
14:05:11,14.82,5,7410,1
14:05:08,14.82,5,7410,1
14:05:05,14.8,462,683760,-1
14:04:53,14.81,41,60721,-1
14:04:50,14.81,3,4443,-1
14:04:47,14.82,10,14820,1
14:04:44,14.81,77,114037,-1
14:04:41,14.82,5,7410,1
14:04:35,14.82,221,327522,1
14:04:26,14.82,1,1482,1
14:04:16,14.82,14,20748,1
14:04:14,14.82,6,8892,1
14:04:07,14.82,15,22230,0
14:04:04,14.81,64,94784,-1
14:04:01,14.82,6,8892,-1
14:03:58,14.82,5,7410,1
14:03:55,14.81,116,171796,-1
14:03:49,14.82,10,14820,-1
14:03:46,14.82,345,512031,-1
14:03:34,14.82,15,22230,-1
14:03:25,14.82,14,20748,-1
14:03:22,14.83,21,31143,1
14:03:19,14.83,8,11864,1
14:03:16,14.83,40,59320,1
14:03:13,14.83,5,7415,1
14:03:01,14.82,6,8892,-1
14:02:58,14.83,1,1483,1
14:02:52,14.83,9,13347,1
14:02:49,14.82,16,23712,-1
14:02:37,14.83,27,40041,-1
14:02:28,14.82,0,0,-1
14:02:19,14.82,18,26676,-1
14:02:07,14.82,53,78546,-1
14:02:04,14.83,13,19279,1
14:01:58,14.83,103,152749,-1
14:01:55,14.83,5,7415,-1
14:01:49,14.83,30,44490,-1
14:01:46,14.84,9,13356,1
14:01:34,14.83,12,17796,-1
14:01:31,14.84,3,4452,1
14:01:28,14.83,6,8898,-1
14:01:22,14.84,6,8904,1
14:01:19,14.83,29,43007,-1
14:01:16,14.84,3,4452,1
14:01:13,14.84,1,1484,1
14:01:10,14.84,34,50456,1
14:01:07,14.84,2,2968,1
14:01:04,14.84,2,2968,1
14:01:01,14.84,7,10388,-1
14:00:58,14.84,7,10388,1
14:00:55,14.83,11,16313,-1
14:00:52,14.84,2,2968,1
14:00:49,14.84,4,5936,1
14:00:46,14.84,6,8904,1
14:00:43,14.85,2,2970,1
14:00:40,14.85,4,5940,1
14:00:37,14.85,62,92070,1
14:00:34,14.85,2,2970,1
14:00:31,14.83,2,2966,1
14:00:28,14.83,97,143851,-1
14:00:19,14.85,17,25245,1
14:00:13,14.85,1,1485,1
14:00:10,14.83,16,23728,-1
14:00:01,14.84,46,68264,1
13:59:58,14.84,23,34132,1
13:59:52,14.84,68,100912,-1
13:59:37,14.85,1,1485,1
13:59:25,14.85,2,2970,1
13:59:19,14.84,11,16324,-1
13:59:10,14.85,2,2970,1
13:59:07,14.84,3,4452,-1
13:58:52,14.84,10,14840,-1
13:58:49,14.84,18,26712,1
13:58:43,14.83,5,7415,-1
13:58:25,14.84,14,20776,1
13:58:09,14.84,1,1484,1
13:58:07,14.83,12,17796,-1
13:57:58,14.83,5,7415,-1
13:57:55,14.84,2,2968,1
13:57:13,14.83,15,22245,-1
13:57:09,14.85,1,1485,1
13:57:06,14.83,61,90463,-1
13:56:57,14.83,114,169062,-1
13:56:54,14.83,2,2966,-1
13:56:48,14.84,5,7420,1
13:56:45,14.83,29,43007,-1
13:56:33,14.83,56,83048,-1
13:56:30,14.84,1,1484,0
13:56:27,14.83,149,220967,-1
13:56:24,14.84,2,2968,-1
13:56:21,14.84,10,14840,1
13:56:06,14.83,0,0,-1
13:55:54,14.83,33,48939,-1
13:55:51,14.84,5,7420,-1
13:55:48,14.84,75,111300,-1
13:55:45,14.84,37,54908,-1
13:55:42,14.84,81,120204,-1
13:55:39,14.84,40,59360,-1
13:55:36,14.84,50,74200,-1
13:55:21,14.84,29,43036,1
13:55:12,14.84,21,31164,-1
13:55:09,14.84,1,1484,-1
13:55:06,14.83,31,45973,-1
13:55:03,14.84,10,14840,1
13:54:57,14.84,50,74200,-1
13:54:45,14.85,0,0,1
13:54:33,14.85,2,2970,1
13:54:15,14.83,10,14830,-1
13:54:12,14.83,35,51905,-1
13:54:06,14.83,69,102327,-1
13:54:00,14.83,150,222450,-1
13:53:57,14.84,40,59360,-1
13:53:54,14.84,16,23744,-1
13:53:51,14.84,128,189952,1
13:53:48,14.84,20,29680,1
13:53:21,14.83,1,1483,-1
13:53:12,14.82,0,0,-1
13:53:09,14.82,11,16302,-1
13:53:03,14.83,8,11864,1
13:53:00,14.83,4,5932,1
13:52:57,14.83,9,13347,-1
13:52:45,14.83,10,14830,-1
13:52:42,14.82,0,0,-1
13:52:36,14.82,36,53352,-1
13:52:33,14.83,9,13347,1
13:52:30,14.83,52,77116,-1
13:52:08,14.83,26,38558,-1
13:52:00,14.83,45,66735,-1
13:51:54,14.83,4,5932,0
13:51:51,14.82,124,183768,-1
13:51:48,14.85,1,1485,1
13:51:45,14.85,9,13365,1
13:51:42,14.83,371,550193,-1
13:51:33,14.85,1100,1633500,-1
13:51:30,14.86,16,23776,-1
13:51:21,14.86,20,29720,-1
13:51:18,14.86,12,17832,-1
13:51:15,14.87,3,4461,1
13:51:08,14.86,24,35664,-1
13:50:59,14.87,66,98439,-1
13:50:53,14.87,12,17844,-1
13:50:47,14.88,4,5952,1
13:50:44,14.88,13,19344,1
13:50:42,14.88,3,4464,1
13:50:39,14.88,2,2976,1
13:50:36,14.88,2,2976,1
13:50:32,14.87,16,23792,-1
13:50:29,14.88,2,2976,1
13:50:23,14.87,11,16357,-1
13:50:20,14.88,4,5952,1
13:50:08,14.88,1,1488,1
13:50:05,14.88,1,1488,1
13:50:02,14.88,1,1488,1
13:49:59,14.87,11,16357,-1
13:49:53,14.88,8,11904,1
13:49:47,14.88,2,2976,1
13:49:41,14.88,1,1488,1
13:49:14,14.88,1,1488,1
13:49:08,14.87,10,14870,-1
13:49:02,14.88,7,10416,1
13:48:59,14.87,10,14870,-1
13:48:50,14.88,1,1488,1
13:48:44,14.87,17,25279,-1
13:48:38,14.87,16,23792,-1
13:48:35,14.88,1,1488,1
13:48:29,14.88,17,25296,-1
13:48:20,14.88,1,1488,1
13:48:17,14.88,9,13392,-1
13:47:59,14.88,3,4464,-1
13:47:56,14.89,2,2978,1
13:47:41,14.88,11,16368,-1
13:47:32,14.88,16,23808,1
13:47:29,14.87,12,17844,-1
13:47:26,14.88,7,10416,1
13:47:23,14.87,29,43123,-1
13:47:20,14.87,34,50558,-1
13:47:14,14.87,63,93681,-1
13:47:08,14.87,13,19331,-1
13:47:05,14.88,187,278256,-1
13:46:59,14.89,26,38714,-1
13:46:47,14.9,1,1490,1
13:46:44,14.89,10,14890,0
13:46:41,14.88,12,17856,-1
13:46:38,14.89,10,14890,-1
13:46:35,14.9,9,13410,1
13:46:32,14.89,12,17868,-1
13:46:29,14.89,23,34247,-1
13:46:23,14.89,21,31269,-1
13:46:20,14.89,15,22335,-1
13:46:14,14.89,53,78917,-1
13:46:11,14.89,10,14890,-1
13:46:01,14.89,1,1489,-1
13:45:58,14.9,6,8940,1
13:45:52,14.89,1,1489,-1
13:45:47,14.9,3,4470,1
13:45:41,14.89,7,10423,-1
13:45:04,14.89,10,14890,-1
13:44:55,14.89,15,22335,-1
13:44:46,14.89,13,19357,-1
13:44:40,14.9,2,2980,1
13:44:37,14.89,10,14890,-1
13:44:16,14.89,7,10423,-1
13:44:13,14.89,6,8934,-1
13:43:58,14.89,13,19357,-1
13:43:52,14.89,5,7445,-1
13:43:37,14.89,15,22335,-1
13:43:34,14.9,1,1490,1
13:43:31,14.9,10,14900,1
13:43:28,14.89,22,32758,-1
13:43:22,14.89,20,29780,-1
13:43:19,14.89,46,68494,1
13:43:13,14.88,10,14880,-1
13:42:55,14.88,10,14880,-1
13:42:46,14.88,4,5952,1
13:42:37,14.88,6,8928,1
13:42:31,14.87,0,0,-1
13:42:28,14.87,20,29740,-1
13:42:22,14.89,0,0,1
13:42:19,14.89,40,59560,1
13:42:10,14.87,21,31227,-1
13:42:01,14.87,60,89220,-1
13:41:55,14.87,179,266173,-1
13:41:46,14.88,1,1488,-1
13:41:40,14.89,2,2978,1
13:41:37,14.89,2,2978,1
13:41:16,14.9,1,1490,1
13:41:10,14.88,250,372000,-1
13:40:55,14.9,1,1490,1
13:40:52,14.9,19,28310,-1
13:40:49,14.9,1,1490,-1
13:40:46,14.91,19,28329,-1
13:40:40,14.92,1,1492,1
13:40:37,14.91,141,210231,-1
13:40:28,14.91,41,61131,1
13:40:19,14.91,30,44730,1
13:40:01,14.91,0,0,1
13:39:46,14.91,60,89460,1
13:39:37,14.9,1,1490,1
13:39:34,14.89,10,14890,-1
13:39:28,14.89,5,7445,-1
13:39:22,14.9,7,10430,1
13:39:16,14.89,42,62538,-1
13:38:57,14.89,1,2680,1
13:38:55,14.89,14,20846,1
13:38:36,14.89,3,4467,1
13:38:34,14.89,1,1489,1
13:38:30,14.89,10,14890,1
13:38:15,14.89,4,5956,1
13:38:03,14.89,4,5956,1
13:37:54,14.89,3,4467,1
13:37:42,14.88,6,8928,-1
13:37:30,14.88,10,14880,-1
13:37:18,14.89,2,2978,1
13:37:15,14.89,4,5956,1
13:37:09,14.89,2,2978,1
13:37:00,14.88,3,4464,-1
13:36:51,14.88,20,29760,-1
13:36:48,14.88,96,142848,-1
13:36:45,14.89,3,4467,1
13:36:18,14.88,10,14880,-1
13:36:09,14.89,6,8934,1
13:35:57,14.89,4,5956,1
13:35:42,14.88,200,297600,-1
13:35:39,14.89,1,1489,1
13:34:48,14.89,3,4467,1
13:34:42,14.89,2,2978,1
13:34:27,14.89,295,439552,-1
13:33:45,14.9,5,7450,1
13:33:38,14.9,1,1490,1
13:33:29,14.9,50,74500,1
13:33:05,14.89,325,485116,1
13:33:00,14.89,35,52412,-1
13:32:53,14.9,1,1490,1
13:32:38,14.89,40,59560,-1
13:32:08,14.89,20,29780,-1
13:31:51,14.89,30,44670,-1
13:31:44,14.9,2,2980,1
13:31:29,14.89,1,1489,-1
13:31:26,14.9,3,4470,1
13:30:56,14.9,10,14900,1
13:30:53,14.9,11,16390,1
13:30:44,14.89,15,22335,-1
13:30:41,14.9,1,1490,1
13:30:35,14.9,8,11920,1
13:30:26,14.89,6,8934,-1
13:30:23,14.9,1,1490,1
13:30:14,14.9,20,29800,1
13:29:56,14.89,4,5956,-1
13:29:53,14.9,1,1490,1
13:29:44,14.89,0,0,-1
13:29:32,14.89,138,206673,-1
13:29:05,14.9,0,0,1
13:29:02,14.9,52,77480,1
13:28:59,14.89,2,2978,-1
13:28:47,14.9,206,306940,-1
13:28:44,14.91,2,2982,1
13:28:41,14.9,20,29800,-1
13:28:38,14.91,17,25347,1
13:28:23,14.91,10,14910,1
13:28:02,14.91,6,8946,1
13:27:56,14.91,114,170272,-1
13:27:46,14.91,5,7455,-1
13:27:35,14.92,1,1492,1
13:27:01,14.92,13,19396,-1
13:26:55,14.92,20,29840,-1
13:26:37,14.92,3,4476,-1
13:26:16,14.92,1,1492,-1
13:26:01,14.92,97,144724,-1
13:25:55,14.93,5,7465,1
13:25:52,14.93,4,5972,1
13:25:43,14.93,4,5972,1
13:25:37,14.93,4,5972,1
13:25:07,14.93,2,2986,1
13:24:58,14.93,1,1493,1
13:24:55,14.93,2,2986,1
13:24:52,14.93,5,7465,1
13:24:43,14.93,1,1493,1
13:24:10,14.93,2,2986,1
13:24:01,14.92,21,31332,1
13:23:16,14.92,2,2984,1
13:23:07,14.91,1,1491,-1
13:22:43,14.91,9,13419,-1
13:22:25,14.92,4,5968,1
13:22:19,14.92,1,1492,1
13:21:52,14.92,2,2984,1
13:21:31,14.92,5,7460,1
13:21:18,14.92,10,14920,1
13:21:16,14.92,7,10444,1
13:21:06,14.91,5,7455,-1
13:20:25,14.92,10,14920,1
13:20:04,14.92,4,5968,1
13:19:51,14.92,12,17904,-1
13:19:48,14.93,6,8958,1
13:19:42,14.93,43,64199,1
13:19:39,14.92,1,1492,-1
13:19:36,14.92,1,1492,-1
13:19:30,14.92,3,4476,-1
13:19:15,14.92,23,34316,-1
13:19:12,14.93,1,1493,1
13:19:06,14.92,7,10444,-1
13:19:00,14.92,20,29840,-1
13:18:48,14.92,1,1492,-1
13:18:36,14.92,3,4476,-1
13:18:24,14.92,10,14920,-1
13:18:06,14.92,51,76092,-1
13:17:51,14.92,5,7460,-1
13:17:33,14.92,7,10444,-1
13:17:30,14.92,30,44760,-1
13:17:24,14.93,50,74650,1
13:17:12,14.92,3,4476,-1
13:16:51,14.92,6,8952,-1
13:16:42,14.93,2,2986,1
13:16:27,14.92,6,8952,-1
13:16:18,14.93,1,1493,1
13:16:00,14.92,45,67140,-1
13:15:51,14.93,8,11944,1
13:15:33,14.93,10,14930,1
13:15:08,14.93,1,1493,1
13:15:03,14.93,10,14930,1
13:14:51,14.93,4,5972,1
13:14:23,14.93,1,1493,1
13:14:17,14.93,22,32846,1
13:14:08,14.93,2,2986,1
13:14:05,14.93,2,2986,1
13:13:26,14.93,1,1493,1
13:13:17,14.93,1,1493,1
13:12:47,14.93,11,16423,1
13:12:17,14.92,5,7460,1
13:12:14,14.92,10,14920,1
13:12:08,14.92,2,2984,1
13:12:05,14.92,40,59680,1
13:11:59,14.92,3,4476,1
13:11:17,14.92,2,2984,1
13:11:11,14.92,12,17904,1
13:11:02,14.92,37,55204,1
13:10:23,14.92,2,2984,1
13:10:05,14.92,2,2984,1
13:09:44,14.92,21,31332,1
13:09:41,14.91,6,8946,-1
13:09:17,14.91,5,8647,1
13:09:08,14.91,1,1491,1
13:08:28,14.91,1,1491,1
13:08:07,14.91,7,10735,-1
13:07:37,14.92,5,7460,1
13:07:28,14.91,3,4473,-1
13:07:21,14.92,2,2984,1
13:07:10,14.92,2,2984,1
13:06:48,14.91,10,16102,1
13:06:34,14.91,13,19383,1
13:06:07,14.91,1,1491,1
13:05:48,14.91,0,298,-1
13:05:46,14.91,1,1491,-1
13:05:39,14.91,20,29820,-1
13:05:37,14.91,1,2683,-1
13:05:10,14.91,202,301182,1
13:05:04,14.91,1,1491,1
13:04:27,14.91,2,2982,1
13:04:15,14.91,3,4473,1
13:04:00,14.91,1,1491,1
13:03:31,14.91,2,2982,1
13:03:12,14.91,1,1491,1
13:03:01,14.91,5,7455,1
13:02:52,14.91,10,14910,1
13:02:18,14.91,1,1491,1
13:01:54,14.91,10,14910,1
13:01:12,14.91,2,2982,1
13:01:03,14.9,4,5960,-1
13:00:54,14.91,210,313110,-1
13:00:42,14.92,16,23872,-1
13:00:36,14.92,8,11936,-1
13:00:21,14.92,8,11936,1
13:00:18,14.92,10,14920,1
13:00:15,14.92,2,2984,1
13:00:12,14.92,15,22380,1
13:00:09,14.92,4,5968,1
13:00:07,14.92,43,64156,1
13:00:04,14.92,124,185291,-1
11:30:00,14.92,0,0,-1
11:30:00,14.92,0,0,-1
11:29:39,14.92,1,1492,-1
11:29:36,14.92,1,1492,-1
11:29:03,14.92,10,14920,-1
11:28:53,14.92,7,10444,-1
11:28:44,14.93,2,2986,1
11:28:35,14.92,3,4476,-1
11:28:14,14.92,20,29840,-1
11:28:02,14.93,2,2986,1
11:27:53,14.92,55,82060,-1
11:26:32,14.92,2,2984,-1
11:26:02,14.92,5,7460,-1
11:25:35,14.93,2,2986,1
11:25:20,14.93,262,391166,1
11:23:53,14.92,12,17904,-1
11:23:08,14.93,2,2986,1
11:23:02,14.93,2,2986,1
11:22:53,14.93,2,2986,1
11:22:46,14.93,2,2986,1
11:22:25,14.92,10,14920,-1
11:22:22,14.93,5,7465,1
11:22:19,14.92,7,10444,-1
11:22:16,14.93,2,2986,1
11:22:13,14.93,1,1493,1
11:21:34,14.93,2,2986,1
11:21:25,14.93,2,2986,1
11:21:10,14.92,10,14920,-1
11:21:04,14.92,20,29840,-1
11:21:01,14.92,25,37300,-1
11:20:34,14.92,73,110124,1
11:20:22,14.92,1,1492,1
11:20:07,14.92,4,5968,1
11:20:01,14.92,7,10444,1
11:19:25,14.92,4,5968,1
11:19:18,14.92,5,7460,1
11:19:15,14.92,11,16412,1
11:19:01,14.91,1,1491,-1
11:18:48,14.91,31,46221,-1
11:18:30,14.91,1,1491,-1
11:18:15,14.92,1,1492,1
11:18:06,14.91,4,5964,-1
11:18:03,14.91,11,16401,-1
11:17:57,14.92,200,298400,1
11:17:21,14.92,1,1492,1
11:17:12,14.92,2,2984,1
11:17:03,14.91,3,4473,-1
11:16:57,14.92,1,1492,1
11:16:51,14.91,2,2982,-1
11:16:09,14.92,1,1492,1
11:15:57,14.91,106,158329,-1
11:15:39,14.93,1,1493,1
11:15:27,14.93,1,1493,1
11:15:09,14.92,1,1492,-1
11:15:06,14.92,1,1492,-1
11:15:03,14.92,24,35808,-1
11:14:57,14.92,1,1492,-1
11:14:24,14.93,2,2986,1
11:13:27,14.93,5,7465,1
11:13:18,14.93,4,5972,1
11:13:09,14.92,1,1492,-1
11:12:23,14.93,2,2986,1
11:12:18,14.92,28,41776,-1
11:11:44,14.92,5,7460,-1
11:11:36,14.93,1,1493,1
11:11:24,14.93,27,40311,1
11:11:21,14.93,5,7465,1
11:11:02,14.92,40,59680,-1
11:10:44,14.92,15,22380,-1
11:10:39,14.93,2,2986,1
11:10:32,14.93,27,40311,1
11:10:21,14.93,2,2986,1
11:10:09,14.92,2,2984,-1
11:10:03,14.93,3,4479,1
11:09:35,14.92,3,4476,-1
11:09:23,14.93,1,1493,1
11:09:02,14.93,3,4479,1
11:08:47,14.93,5,7465,1
11:08:32,14.92,1,1492,-1
11:08:26,14.92,11,16412,-1
11:08:11,14.93,1,1493,1
11:08:08,14.93,4,5972,-1
11:07:41,14.93,8,11944,-1
11:07:35,14.93,25,37325,-1
11:07:14,14.94,2,2988,1
11:07:05,14.93,24,35832,1
11:06:56,14.93,10,14930,1
11:06:53,14.93,30,44790,1
11:06:29,14.93,1,1493,1
11:05:44,14.93,2,2986,1
11:05:38,14.93,3,4479,1
11:05:20,14.92,15,22380,-1
11:05:17,14.93,2,2986,1
11:04:56,14.93,3,4479,1
11:04:26,14.93,10,14930,1
11:04:19,14.93,6,8958,1
11:04:07,14.93,2,2986,1
11:03:52,14.93,10,14930,1
11:03:28,14.93,2,2986,1
11:03:19,14.93,30,44790,1
11:02:52,14.93,3,4479,1
11:02:34,14.92,0,1208,-1
11:02:19,14.93,2,2986,1
11:02:16,14.93,1,1493,1
11:02:07,14.93,16,23888,1
11:02:04,14.93,9,13437,1
11:02:01,14.93,1,1493,1
11:01:52,14.93,9,13437,1
11:01:46,14.93,7,10451,1
11:01:34,14.93,15,22395,-1
11:01:25,14.94,1,1494,1
11:01:19,14.94,10,14940,1
11:01:10,14.94,2,2988,1
11:01:07,14.94,10,14940,1
11:01:00,14.94,90,134460,1
11:00:51,14.93,5,7465,1
11:00:48,14.93,45,67185,1
11:00:45,14.93,2,2986,1
11:00:39,14.93,47,70171,1
11:00:30,14.93,1,1493,1
11:00:12,14.93,2,2986,1
10:59:51,14.92,10,14920,-1
10:59:42,14.92,1,1492,-1
10:59:24,14.94,15,22410,1
10:59:21,14.94,1,1494,1
10:58:51,14.92,20,29840,-1
10:58:39,14.92,2,2984,-1
10:58:21,14.92,30,44760,-1
10:58:15,14.94,2,2988,1
10:58:09,14.94,8,11952,1
10:57:54,14.93,5,7465,1
10:57:27,14.92,1,1492,-1
10:57:24,14.92,1,1492,-1
10:57:09,14.93,10,14930,1
10:56:57,14.93,10,14930,1
10:56:30,14.93,7,10451,1
10:56:24,14.93,8,11944,-1
10:56:06,14.93,10,14930,-1
10:56:00,14.93,50,74650,-1
10:55:45,14.93,10,14930,-1
10:55:36,14.94,30,44820,1
10:55:33,14.93,20,29860,-1
10:55:24,14.94,8,11952,1
10:54:56,14.93,9,13437,-1
10:54:48,14.93,20,29860,-1
10:54:41,14.94,30,44820,1
10:53:47,14.93,5,7465,1
10:53:44,14.93,45,67185,1
10:53:35,14.93,1,1493,1
10:53:17,14.93,46,68678,1
10:52:59,14.93,4,5972,1
10:52:56,14.93,1,1493,1
10:52:47,14.92,10,14920,-1
10:52:29,14.92,99,147708,1
10:52:20,14.92,3,4476,1
10:52:17,14.92,10,14920,1
10:52:05,14.92,2,2984,1
10:51:56,14.91,78,116298,1
10:51:29,14.91,0,0,1
10:51:26,14.91,16,23856,1
10:51:23,14.89,10,14890,-1
10:51:17,14.89,1,1489,-1
10:51:05,14.89,5,7445,-1
10:50:59,14.89,7,10423,1
10:50:56,14.89,1,1489,1
10:50:53,14.89,7,10423,1
10:50:50,14.89,9,13401,1
10:50:44,14.89,2,2978,1
10:50:41,14.89,10,14890,1
10:50:32,14.89,5,7445,1
10:50:26,14.89,59,87851,-1
10:50:11,14.91,50,74550,1
10:50:08,14.9,10,14900,1
10:50:02,14.9,4,5960,1
10:49:56,14.9,22,32780,1
10:49:44,14.9,11,16390,1
10:49:08,14.9,10,14900,1
10:48:56,14.9,0,0,1
10:48:50,14.9,8,11920,1
10:48:44,14.9,12,17880,1
10:48:38,14.88,50,74400,-1
10:48:17,14.9,110,163900,1
10:48:08,14.9,1,1490,1
10:48:02,14.9,2,2980,1
10:47:59,14.9,2,2980,1
10:47:56,14.9,1,1490,1
10:47:29,14.88,1,1488,-1
10:47:26,14.88,1,1488,-1
10:47:20,14.9,2,2980,-1
10:47:11,14.88,320,476160,-1
10:47:08,14.91,2,2982,1
10:47:02,14.91,0,0,1
10:46:59,14.91,2,2982,1
10:46:56,14.89,447,665583,-1
10:46:46,14.91,0,0,1
10:46:40,14.91,4,5964,1
10:46:38,14.9,1,1490,1
10:46:32,14.9,2,2980,1
10:46:26,14.9,4,5960,1
10:46:22,14.9,0,0,0
10:46:20,14.9,5,7450,-1
10:46:14,14.9,0,0,0
10:46:08,14.9,10,14900,0
10:45:58,14.91,1,1491,1
10:45:40,14.89,11,16379,-1
10:45:37,14.91,2,2982,1
10:45:31,14.89,0,0,-1
10:45:25,14.89,52,77428,-1
10:45:22,14.9,7,10430,1
10:45:13,14.89,1,1489,-1
10:44:58,14.9,12,17880,1
10:44:43,14.9,15,22350,1
10:44:28,14.89,2,2978,-1
10:44:19,14.9,16,23840,-1
10:44:10,14.9,0,0,-1
10:44:04,14.9,266,396340,-1
10:44:01,14.91,1,1491,-1
10:43:55,14.91,25,37275,-1
10:43:49,14.91,7,10437,-1
10:43:43,14.92,1,1492,1
10:43:25,14.91,6,8946,-1
10:43:04,14.91,30,44730,-1
10:42:55,14.91,10,14910,-1
10:42:49,14.92,1,1492,1
10:42:46,14.92,1,1492,1
10:42:40,14.91,3,4473,-1
10:42:36,14.92,1,1492,1
10:42:27,14.92,3,4476,1
10:42:15,14.92,204,304368,1
10:42:12,14.91,42,62622,-1
10:42:03,14.92,39,58188,1
10:41:54,14.91,12,17892,1
10:41:51,14.91,10,14910,1
10:41:36,14.91,23,34293,-1
10:41:03,14.92,1,1492,1
10:40:57,14.92,1,1492,0
10:40:45,14.93,1,1493,1
10:40:39,14.9,182,271180,-1
10:40:30,14.92,121,180532,1
10:40:27,14.91,51,76041,-1
10:40:18,14.92,34,50728,1
10:40:06,14.91,10,14910,-1
10:40:00,14.91,1,1491,-1
10:39:39,14.92,6,8952,1
10:39:36,14.92,4,5968,1
10:39:27,14.92,1,1492,1
10:39:12,14.92,13,19396,1
10:39:00,14.92,1,1492,1
10:38:42,14.92,5,7460,1
10:38:36,14.92,11,16412,1
10:38:21,14.92,1,1492,1
10:38:06,14.92,2,2984,1
10:37:27,14.91,11,16401,-1
10:37:24,14.91,2,2982,-1
10:36:56,14.93,0,0,1
10:36:47,14.93,1,1493,1
10:36:41,14.93,50,74650,1
10:36:08,14.92,10,14920,1
10:36:05,14.92,2,2984,1
10:35:59,14.92,4,5968,1
10:35:53,14.92,9,13428,1
10:35:38,14.92,1,1492,1
10:35:35,14.92,4,5968,1
10:34:47,14.92,2,2984,1
10:34:41,14.92,1,1492,1
10:34:38,14.92,1,1492,1
10:34:26,14.92,5,7460,1
10:34:20,14.91,0,0,-1
10:34:02,14.91,0,0,0
10:33:56,14.91,5,7455,1
10:33:53,14.91,5,7455,1
10:33:47,14.91,6,8946,1
10:33:44,14.91,1,1491,1
10:33:38,14.9,1,1490,-1
10:33:23,14.91,2,2982,1
10:33:14,14.91,3,4473,1
10:33:08,14.9,9,13410,-1
10:32:59,14.91,2,2982,1
10:32:56,14.9,1,1490,-1
10:32:44,14.91,1,1491,1
10:32:32,14.91,2,2982,-1
10:32:17,14.92,11,16412,-1
10:32:02,14.92,44,65648,1
10:31:56,14.91,9,13419,-1
10:31:47,14.92,2,2984,1
10:31:32,14.92,20,29840,1
10:31:20,14.91,0,0,-1
10:31:11,14.91,10,14910,-1
10:30:47,14.92,7,10444,1
10:30:26,14.91,6,8946,-1
10:30:23,14.93,50,74650,1
10:30:11,14.92,220,328240,-1
10:30:02,14.93,8,11944,1
10:29:53,14.93,14,20902,-1
10:29:47,14.94,3,4482,1
10:29:41,14.93,10,14930,-1
10:29:38,14.93,10,14930,-1
10:29:20,14.93,1,1493,-1
10:29:05,14.93,80,119440,1
10:28:58,14.93,11,16423,1
10:28:56,14.93,20,29860,1
10:28:52,14.93,3,4479,1
10:28:49,14.93,1,1493,1
10:27:37,14.93,5,7465,1
10:27:31,14.92,10,14920,-1
10:27:13,14.92,32,47744,1
10:26:55,14.92,1,1492,1
10:26:46,14.92,22,32824,-1
10:26:19,14.92,8,11936,-1
10:25:34,14.93,1,1493,1
10:25:28,14.92,2,2984,1
10:24:49,14.91,10,14910,1
10:24:37,14.9,40,59600,-1
10:24:31,14.9,1,1490,-1
10:24:25,14.91,2,2982,1
10:24:12,14.92,0,0,1
10:24:10,14.92,50,74600,1
10:24:01,14.9,2,2980,-1
10:23:57,14.9,24,35760,1
10:23:45,14.9,20,29800,1
10:23:42,14.9,10,14900,1
10:23:39,14.9,1,1490,1
10:23:30,14.9,155,230950,-1
10:23:27,14.91,28,41748,1
10:23:24,14.91,15,22365,1
10:23:21,14.91,4,5964,1
10:23:18,14.91,3,4473,1
10:23:06,14.91,20,29820,1
10:22:57,14.91,6,8946,1
10:22:48,14.91,6,8946,1
10:22:42,14.91,1,1491,1
10:22:36,14.91,2,2982,1
10:22:33,14.91,7,10437,-1
10:22:24,14.91,1,1491,-1
10:22:21,14.91,1,1491,-1
10:22:18,14.91,1,1491,-1
10:21:54,14.9,0,0,-1
10:21:48,14.9,5,7450,-1
10:21:42,14.92,12,17904,1
10:21:36,14.91,7,10437,-1
10:21:30,14.91,51,76041,1
10:21:27,14.91,12,17892,1
10:21:21,14.9,3,4470,-1
10:21:15,14.91,3,4473,1
10:21:06,14.91,2,2982,1
10:21:00,14.9,27,40230,-1
10:20:45,14.91,29,43239,1
10:20:33,14.91,1,1491,1
10:20:24,14.91,3,4473,1
10:20:21,14.91,20,29820,1
10:20:18,14.9,31,46190,-1
10:20:12,14.91,28,41748,1
10:19:57,14.91,2,2982,1
10:19:54,14.91,1,1491,1
10:19:48,14.91,2,2982,1
10:19:42,14.91,2,2982,1
10:19:39,14.91,8,11928,1
10:19:30,14.91,2,2982,-1
10:19:27,14.91,2,2982,1
10:19:15,14.91,2,2982,1
10:19:12,14.91,2,2982,1
10:19:03,14.91,4,5964,-1
10:18:59,14.92,2,2984,1
10:18:38,14.92,1,1492,1
10:18:26,14.9,0,0,-1
10:18:23,14.9,4,5960,-1
10:18:14,14.91,0,0,1
10:18:08,14.91,20,29820,1
10:17:32,14.91,17,25347,1
10:17:23,14.91,4,5964,1
10:17:08,14.91,33,49203,1
10:17:02,14.91,65,96915,1
10:16:59,14.91,5,7455,1
10:16:50,14.91,43,64113,-1
10:16:47,14.91,80,119280,-1
10:16:44,14.92,20,29840,1
10:16:35,14.92,6,8952,1
10:16:32,14.92,90,134280,-1
10:16:23,14.93,1,1493,1
10:16:17,14.92,1,1492,-1
10:16:14,14.92,11,16412,-1
10:15:59,14.93,3,4479,-1
10:15:56,14.93,7,10451,1
10:15:53,14.93,5,7465,1
10:15:50,14.93,67,100031,-1
10:15:41,14.94,2,2988,1
10:15:38,14.94,1,1494,1
10:15:26,14.93,10,14930,-1
10:15:20,14.94,10,14940,1
10:15:17,14.93,1,1493,-1
10:15:05,14.95,0,0,1
10:15:02,14.95,126,188370,1
10:14:53,14.94,1,1494,-1
10:14:32,14.94,3,4482,-1
10:14:29,14.95,2,2990,1
10:14:23,14.95,0,0,1
10:14:20,14.95,6,8970,1
10:14:17,14.94,20,29880,-1
10:14:08,14.95,4,5980,1
10:13:50,14.94,2,2988,-1
10:13:47,14.94,49,73206,1
10:13:41,14.94,205,306270,1
10:13:35,14.93,34,50762,1
10:13:32,14.93,1,1493,1
10:13:29,14.92,5,7460,-1
10:13:26,14.94,0,0,1
10:13:23,14.94,20,29880,1
10:12:59,14.92,200,298400,-1
10:12:50,14.92,50,74600,-1
10:12:41,14.92,10,14920,-1
10:12:32,14.94,2,2988,1
10:11:38,14.92,11,16412,-1
10:11:20,14.92,0,0,0
10:11:14,14.92,10,14920,0
10:11:05,14.94,200,298800,1
10:10:50,14.92,6,8952,1
10:10:35,14.92,3,4476,1
10:10:07,14.9,7,10430,-1
10:10:01,14.9,10,14900,-1
10:09:43,14.92,1,1492,1
10:09:34,14.92,7,10444,1
10:09:16,14.9,12,17880,1
10:09:04,14.9,15,22350,1
10:09:01,14.9,55,81950,1
10:08:58,14.89,1,1489,-1
10:08:49,14.9,7,10430,1
10:08:34,14.9,6,8940,1
10:08:31,14.89,7,10423,-1
10:08:28,14.9,35,52150,1
10:08:04,14.9,9,13410,1
10:07:58,14.9,50,74500,1
10:07:55,14.9,23,34270,-1
10:07:34,14.9,10,14900,-1
10:07:28,14.92,14,20888,1
10:07:25,14.9,1,1490,-1
10:07:19,14.91,15,22365,-1
10:07:13,14.92,4,5968,1
10:07:04,14.91,3,4473,-1
10:06:55,14.91,1,1491,-1
10:06:49,14.91,4,5964,1
10:06:40,14.91,1,1491,1
10:06:37,14.9,1,1490,-1
10:06:34,14.91,1,1491,-1
10:06:31,14.91,1,1491,1
10:06:25,14.9,11,16390,-1
10:06:22,14.9,1,1490,-1
10:06:19,14.9,63,93870,-1
10:05:58,14.91,6,8946,1
10:05:54,14.9,1,1490,-1
10:05:51,14.9,10,14900,-1
10:05:40,14.91,2,2982,1
10:05:24,14.9,3,4470,-1
10:05:00,14.9,10,14900,-1
10:04:39,14.92,1,1492,1
10:04:27,14.9,1,1490,-1
10:04:24,14.9,27,40230,1
10:04:15,14.89,20,29780,-1
10:03:57,14.9,13,19370,1
10:03:54,14.9,2,2980,1
10:03:51,14.89,0,0,-1
10:03:45,14.89,11,16379,-1
10:03:42,14.93,355,530015,1
10:03:39,14.92,2,2984,1
10:03:33,14.9,7,10430,1
10:03:27,14.89,2,2978,-1
10:03:24,14.9,164,244360,-1
10:03:21,14.91,0,0,0
10:03:09,14.91,3,4473,-1
10:03:06,14.9,0,0,-1
10:03:03,14.9,113,168370,-1
10:02:54,14.91,1,1491,-1
10:02:48,14.92,100,149200,1
10:02:42,14.9,204,303960,-1
10:02:39,14.92,1,1492,1
10:02:30,14.91,12,17892,-1
10:02:27,14.91,143,213213,-1
10:02:24,14.91,1,1491,-1
10:02:12,14.92,3,4476,1
10:02:09,14.92,33,49236,-1
10:02:06,14.93,1,1493,1
10:02:00,14.93,5,7465,1
10:01:54,14.92,1,1492,-1
10:01:42,14.93,23,34339,1
10:01:30,14.93,1,1493,1
10:01:27,14.93,8,11944,1
10:01:20,14.93,14,20902,1
10:01:17,14.92,2,2984,-1
10:01:14,14.93,4,5972,1
10:01:06,14.93,1,1493,1
10:00:53,14.92,1,1492,-1
10:00:50,14.93,11,16423,1
10:00:44,14.93,3,4479,1
10:00:38,14.93,2,2986,1
10:00:32,14.91,0,0,-1
10:00:29,14.91,12,17892,-1
10:00:26,14.92,96,143232,1
10:00:23,14.91,1,1491,-1
10:00:17,14.92,0,0,1
10:00:02,14.92,10,14920,1
09:59:59,14.9,4,5960,-1
09:59:53,14.9,1,1490,-1
09:59:38,14.92,1,1492,1
09:59:29,14.92,1,1492,1
09:59:26,14.91,1,1491,-1
09:59:23,14.92,10,14920,0
09:59:17,14.91,145,216195,-1
09:59:11,14.93,20,29860,1
09:58:59,14.93,3,4479,1
09:58:56,14.92,4,5968,-1
09:58:53,14.92,1,1492,-1
09:58:44,14.92,61,91012,1
09:58:29,14.92,13,19396,0
09:58:26,14.92,2,2984,1
09:58:23,14.92,4,5968,-1
09:58:08,14.92,11,16412,1
09:57:59,14.91,3,4473,-1
09:57:53,14.92,66,98472,1
09:57:47,14.92,1,1492,1
09:57:38,14.91,4,5964,-1
09:57:35,14.91,147,219177,1
09:57:32,14.9,4,5960,-1
09:57:23,14.9,20,29800,1
09:57:20,14.9,1,1490,1
09:57:11,14.89,5,7445,-1
09:57:05,14.9,2,2980,1
09:57:02,14.89,511,760879,1
09:56:59,14.88,8,11904,-1
09:56:50,14.88,4,5952,1
09:56:41,14.87,4,5948,-1
09:56:35,14.88,10,14880,1
09:56:29,14.88,18,26784,1
09:56:26,14.88,1,1488,1
09:56:23,14.88,32,47616,1
09:56:14,14.88,14,20832,1
09:56:08,14.88,7,10416,1
09:56:02,14.88,1,1488,-1
09:55:56,14.89,30,44670,1
09:55:50,14.88,21,31248,-1
09:55:44,14.88,36,53568,-1
09:55:35,14.89,18,26802,1
09:55:28,14.89,123,183147,1
09:55:26,14.89,10,14890,1
09:55:20,14.88,21,31248,-1
09:55:13,14.88,1,1488,-1
09:54:50,14.89,17,25313,1
09:54:47,14.89,6,8934,1
09:54:35,14.89,20,29780,1
09:54:32,14.89,1,1489,1
09:54:20,14.89,2,2978,1
09:54:14,14.89,1,1489,1
09:54:05,14.89,4,5956,1
09:53:50,14.89,2,2978,1
09:53:41,14.89,5,7445,1
09:53:32,14.89,24,35736,-1
09:53:29,14.9,3,4470,1
09:53:25,14.89,30,44670,-1
09:53:19,14.89,8,11912,-1
09:53:11,14.9,1,1490,1
09:52:56,14.9,18,26820,1
09:52:43,14.89,69,102741,-1
09:52:40,14.9,4,5960,1
09:52:37,14.9,3,4470,1
09:52:28,14.9,87,129630,1
09:52:19,14.9,2,2980,1
09:52:16,14.9,4,5960,1
09:52:07,14.9,5,7450,1
09:51:40,14.89,1,1489,-1
09:51:31,14.89,20,29780,-1
09:51:16,14.9,5,7450,1
09:51:13,14.89,6,8934,-1
09:50:58,14.89,8,11912,1
09:50:55,14.89,1,1489,1
09:50:37,14.89,4,5956,1
09:50:31,14.89,20,29780,1
09:50:28,14.89,13,19357,1
09:50:19,14.89,1,1489,1
09:50:16,14.89,16,23824,-1
09:50:07,14.89,9,13401,1
09:50:01,14.89,3,4467,1
09:49:58,14.89,5,7445,1
09:49:49,14.89,29,43181,1
09:49:28,14.89,1,1489,1
09:49:25,14.89,53,78917,-1
09:49:16,14.89,2,2978,-1
09:49:13,14.89,3,4467,-1
09:49:07,14.9,2,2980,1
09:49:04,14.89,4,5956,-1
09:48:55,14.89,25,37225,-1
09:48:34,14.89,2,2978,1
09:48:22,14.89,11,16379,1
09:48:19,14.89,1,1489,1
09:48:16,14.89,2,2978,1
09:48:13,14.89,2,2978,1
09:48:10,14.89,7,10423,-1
09:47:52,14.9,4,5960,1
09:47:49,14.9,1,1490,1
09:47:46,14.9,1,1490,1
09:47:40,14.9,95,141550,1
09:47:37,14.89,9,13401,1
09:47:34,14.89,1,1489,1
09:47:27,14.88,67,99696,-1
09:47:25,14.9,0,0,1
09:47:18,14.9,215,320350,1
09:47:15,14.88,16,23808,-1
09:47:12,14.88,44,65472,-1
09:47:09,14.88,12,17856,-1
09:47:06,14.88,10,14880,-1
09:46:57,14.88,5,7440,-1
09:46:42,14.88,7,10416,-1
09:46:36,14.89,6,8934,-1
09:46:33,14.89,4,5956,1
09:46:30,14.89,4,5956,-1
09:46:15,14.9,8,11920,1
09:46:12,14.9,101,150490,1
09:45:45,14.9,30,44700,1
09:45:39,14.9,31,46190,1
09:45:30,14.89,120,178680,-1
09:45:27,14.9,6,8940,1
09:45:24,14.9,2,2980,1
09:45:21,14.9,13,19370,1
09:45:15,14.89,129,192081,-1
09:45:12,14.89,10,14890,-1
09:45:09,14.9,10,14900,-1
09:45:06,14.9,31,46190,-1
09:45:03,14.9,5,7450,-1
09:45:00,14.9,20,29800,-1
09:44:42,14.9,2,2980,-1
09:44:30,14.9,2,2980,-1
09:44:27,14.91,1,1491,1
09:44:24,14.9,1,1490,-1
09:44:15,14.91,1,1491,1
09:44:09,14.91,10,14910,1
09:44:03,14.9,95,141550,1
09:44:00,14.9,30,44700,-1
09:43:57,14.9,17,25330,-1
09:43:51,14.91,142,211722,-1
09:43:48,14.93,0,0,1
09:43:45,14.93,1,1493,1
09:43:39,14.91,8,11928,-1
09:43:32,14.91,114,169974,1
09:43:30,14.91,15,22365,1
09:43:14,14.91,10,14910,1
09:43:05,14.91,1,1491,1
09:42:47,14.89,0,0,-1
09:42:35,14.89,5,7445,-1
09:42:23,14.91,200,298200,1
09:42:17,14.89,12,17868,-1
09:42:02,14.9,6,8940,1
09:41:53,14.9,5,7450,1
09:41:44,14.9,15,22350,1
09:41:32,14.89,9,13401,-1
09:41:29,14.89,11,16379,-1
09:41:17,14.89,118,175702,1
09:41:14,14.89,2,2978,1
09:41:11,14.89,1,1489,1
09:41:08,14.89,2,2978,1
09:41:05,14.89,8,11912,1
09:41:02,14.89,5,7445,1
09:40:53,14.89,14,20846,1
09:40:50,14.89,0,0,1
09:40:47,14.89,2,2978,1
09:40:44,14.89,5,7445,1
09:40:35,14.89,1,1489,1
09:40:29,14.89,5,7445,1
09:40:26,14.86,99,147114,-1
09:40:17,14.89,1,1489,1
09:40:11,14.89,5,7445,1
09:40:08,14.89,2,2978,1
09:40:05,14.89,2,2978,1
09:39:59,14.89,77,114653,-1
09:39:56,14.89,1,1489,-1
09:39:53,14.9,2,2980,1
09:39:44,14.89,10,14890,-1
09:39:41,14.89,10,14890,-1
09:39:38,14.89,102,151878,1
09:39:26,14.87,1,1487,-1
09:39:23,14.89,0,0,1
09:39:14,14.89,30,44670,1
09:39:11,14.89,3,4467,1
09:39:08,14.89,69,102741,1
09:39:05,14.89,1,1489,1
09:39:02,14.89,32,47648,-1
09:38:53,14.89,1,1489,-1
09:38:50,14.89,16,23824,1
09:38:47,14.89,9,13401,1
09:38:41,14.89,200,297800,1
09:38:38,14.88,32,47616,-1
09:38:34,14.9,10,14900,1
09:38:32,14.86,230,341780,-1
09:38:28,14.89,1,1489,1
09:38:26,14.88,1,1488,-1
09:38:23,14.88,25,37200,-1
09:38:16,14.89,5,7445,1
09:38:10,14.88,10,14880,-1
09:37:58,14.88,2,2976,-1
09:37:53,14.88,529,787152,1
09:37:49,14.84,13,19292,0
09:37:46,14.83,36,53388,-1
09:37:43,14.84,58,86072,-1
09:37:40,14.84,54,80136,-1
09:37:37,14.85,3,4455,-1
09:37:34,14.84,0,0,-1
09:37:28,14.84,1,1484,-1
09:37:19,14.86,1,1486,1
09:37:16,14.86,5,7430,1
09:37:13,14.86,27,40122,-1
09:37:10,14.86,60,89160,-1
09:37:04,14.87,3,4461,1
09:36:58,14.86,50,74300,-1
09:36:55,14.86,8,11888,-1
09:36:37,14.85,200,297000,-1
09:36:31,14.86,12,17832,1
09:36:28,14.85,1,1485,-1
09:36:25,14.86,21,31206,1
09:36:13,14.86,1,1486,1
09:36:10,14.86,32,47552,1
09:36:07,14.86,8,11888,1
09:36:01,14.86,20,29720,1
09:35:58,14.85,1,1485,-1
09:35:55,14.86,34,50524,1
09:35:49,14.86,150,222900,1
09:35:46,14.86,4,5944,1
09:35:40,14.86,6,8916,1
09:35:31,14.86,10,14860,1
09:35:28,14.86,1,1486,1
09:35:25,14.85,21,31185,-1
09:35:22,14.85,24,35640,-1
09:35:16,14.85,7,10395,-1
09:35:13,14.86,3,4458,1
09:35:10,14.85,1,1485,-1
09:34:58,14.85,2,2970,1
09:34:52,14.85,5,7425,1
09:34:43,14.85,4,5940,1
09:34:40,14.84,2,2968,-1
09:34:37,14.84,2,2968,-1
09:34:34,14.84,8,11872,-1
09:34:31,14.84,2,2968,-1
09:34:28,14.85,12,17820,-1
09:34:19,14.87,10,14870,1
09:34:07,14.86,8,11888,1
09:34:04,14.84,20,29680,1
09:33:58,14.84,13,19292,1
09:33:55,14.83,1,1483,-1
09:33:52,14.84,192,284928,-1
09:33:49,14.86,0,0,1
09:33:40,14.86,20,29720,1
09:33:31,14.85,1,1485,1
09:33:28,14.84,1,1484,-1
09:33:25,14.85,3,4455,1
09:33:19,14.85,2,2970,1
09:33:13,14.85,2,2970,1
09:33:10,14.84,1,1484,-1
09:33:07,14.85,46,68310,1
09:33:04,14.85,10,14850,1
09:32:58,14.84,5,7420,-1
09:32:37,14.84,10,14840,-1
09:32:34,14.85,17,25245,1
09:32:31,14.83,0,0,-1
09:32:28,14.83,1,1483,-1
09:32:19,14.83,5,7415,-1
09:32:16,14.85,30,44550,1
09:31:55,14.82,1,1482,-1
09:31:43,14.82,2,2964,-1
09:31:37,14.85,1,1485,1
09:31:34,14.82,93,137826,-1
09:31:28,14.82,1,1482,-1
09:31:25,14.86,8,11888,1
09:31:19,14.86,6,8916,1
09:31:16,14.86,15,22290,1
09:31:13,14.86,1,1486,1
09:31:10,14.86,30,44580,1
09:31:01,14.86,0,0,1
09:30:58,14.86,17,25262,1
09:30:40,14.86,6,8916,1
09:30:34,14.86,1,1486,1
09:30:31,14.84,0,0,-1
09:30:28,14.84,1,1484,1
09:30:25,14.84,1,1484,1
09:30:22,14.84,19,28196,1
09:30:19,14.84,4,5936,1
09:30:13,14.84,1,1484,1
09:30:07,14.8,118,174640,-1
09:30:04,14.8,135,199800,1
09:29:00,14.78,0,0,-1
09:25:03,14.78,140,206920,1
