timestamp,price,volume,turnover,direction
15:00:00,15.26,0,0,1
15:00:00,15.26,0,0,1
14:59:59,15.26,36,54936,-1
14:59:59,15.26,32,48832,-1
14:59:54,15.26,21,32046,1
14:59:51,15.26,184,280784,1
14:59:48,15.25,14,21350,-1
14:59:45,15.25,11,16775,-1
14:59:42,15.26,5,7630,1
14:59:36,15.26,17,25942,1
14:59:33,15.25,9,13725,-1
14:59:30,15.25,20,30500,-1
14:59:15,15.25,3,4575,-1
14:59:12,15.25,114,173850,1
14:59:09,15.24,20,30480,-1
14:59:06,15.25,5,7625,1
14:59:03,15.25,1,1525,1
14:58:47,15.25,32,48800,1
14:58:44,15.24,5,7620,-1
14:58:41,15.25,3,4575,1
14:58:32,15.25,52,79300,1
14:58:29,15.24,43,65532,-1
14:58:26,15.25,2,3050,-1
14:58:21,15.25,25,38125,-1
14:58:17,15.26,124,189224,1
14:58:11,15.25,33,50325,1
14:58:03,15.25,5,7625,1
14:57:59,15.25,4,6100,1
14:57:53,15.25,25,38125,1
14:57:32,15.24,130,198120,1
14:57:26,15.24,66,100584,-1
14:57:14,15.24,10,15240,-1
14:57:11,15.24,328,499872,-1
14:56:53,15.25,0,0,1
14:56:50,15.25,35,53375,1
14:56:44,15.25,31,47275,1
14:56:41,15.23,171,260433,-1
14:56:35,15.25,18,27450,1
14:56:29,15.25,8,12200,1
14:56:26,15.24,104,158496,-1
14:56:20,15.24,10,15240,-1
14:56:17,15.24,1,1524,1
14:56:08,15.24,112,170688,1
14:56:02,15.24,5,7620,1
14:55:56,15.24,6,9144,1
14:55:50,15.24,3,4572,1
14:55:47,15.23,10,15230,-1
14:55:38,15.24,7,10668,1
14:55:20,15.24,6,9144,1
14:55:14,15.23,16,24368,-1
14:55:05,15.23,1,1523,-1
14:54:59,15.23,16,24368,-1
14:54:53,15.24,35,53340,1
14:54:50,15.23,132,201036,-1
14:54:47,15.23,20,30460,-1
14:54:44,15.24,60,91440,1
14:54:35,15.23,0,0,-1
14:54:29,15.23,156,237588,-1
14:54:23,15.24,5,7620,1
14:54:20,15.25,62,94550,1
14:54:14,15.24,10,15240,1
14:54:11,15.24,6,9144,1
14:54:08,15.23,13,19799,-1
14:54:02,15.24,10,15240,1
14:53:53,15.23,20,30460,-1
14:53:38,15.24,5,7620,1
14:53:32,15.24,5,7620,1
14:53:29,15.24,30,45720,-1
14:53:26,15.24,17,25908,-1
14:53:23,15.24,117,178308,1
14:53:20,15.24,28,42672,1
14:53:17,15.24,255,388620,-1
14:53:11,15.25,5,7625,1
14:53:05,15.24,11,16764,-1
14:53:02,15.24,3,4572,-1
14:52:47,15.24,12,18288,-1
14:52:44,15.24,10,15240,-1
14:52:38,15.24,20,30480,-1
14:52:35,15.24,20,30480,-1
14:52:29,15.25,13,19825,1
14:52:26,15.24,18,27432,-1
14:52:20,15.25,201,306525,-1
14:52:17,15.25,5,7625,0
14:52:14,15.26,2,3052,1
14:52:11,15.24,66,100584,-1
14:52:08,15.25,94,143350,1
14:52:05,15.25,5,7625,1
14:51:59,15.25,31,47275,1
14:51:56,15.25,2,3050,1
14:51:53,15.24,52,79248,-1
14:51:44,15.25,5,7625,1
14:51:41,15.25,10,15250,1
14:51:32,15.24,59,89916,-1
14:51:29,15.25,2,3050,1
14:51:23,15.25,7,10675,0
14:51:20,15.24,55,83820,-1
14:51:17,15.25,9,13725,1
14:51:14,15.25,17,25925,1
14:51:11,15.24,28,42672,-1
14:51:05,15.25,2,3050,1
14:51:02,15.24,20,30480,-1
14:50:56,15.25,2,3050,1
14:50:50,15.24,18,27432,-1
14:50:47,15.24,1,1524,-1
14:50:44,15.26,2,3052,1
14:50:41,15.24,4,6096,-1
14:50:38,15.24,21,32004,-1
14:50:35,15.26,1,1526,1
14:50:32,15.24,18,27432,-1
14:50:29,15.25,10,15250,1
14:50:25,15.25,12,18300,1
14:50:23,15.25,50,76250,0
14:50:19,15.24,42,64008,-1
14:50:10,15.25,27,41175,-1
14:50:08,15.25,10,15250,-1
14:49:58,15.25,1,1525,-1
14:49:52,15.25,53,80825,-1
14:49:49,15.25,6,9150,-1
14:49:46,15.25,35,53375,-1
14:49:40,15.25,8,12200,-1
14:49:37,15.25,22,33550,-1
14:49:34,15.25,6,9150,-1
14:49:31,15.25,101,154025,-1
14:49:19,15.26,6,9156,1
14:49:16,15.25,39,59475,-1
14:49:07,15.25,10,15250,-1
14:49:04,15.26,42,64092,1
14:48:40,15.26,100,152600,1
14:48:37,15.25,3,4575,-1
14:48:34,15.25,11,16775,-1
14:48:28,15.26,21,32046,1
14:48:19,15.26,6,9156,1
14:48:16,15.26,4,6104,1
14:48:13,15.26,30,45780,1
14:48:07,15.25,20,30500,-1
14:48:01,15.25,84,128100,-1
14:47:58,15.26,17,25942,1
14:47:52,15.26,20,30520,1
14:47:49,15.26,15,22890,-1
14:47:46,15.27,1,1527,1
14:47:37,15.26,8,12208,-1
14:47:31,15.26,7,10682,1
14:47:28,15.25,46,70150,-1
14:47:25,15.25,36,54900,-1
14:47:19,15.26,6,9156,1
14:47:07,15.26,13,19838,-1
14:47:04,15.27,37,56499,1
14:46:58,15.26,7,10682,1
14:46:49,15.26,10,15260,-1
14:46:46,15.26,31,47306,-1
14:46:43,15.27,5,7635,1
14:46:40,15.26,66,100716,-1
14:46:22,15.27,60,91620,1
14:46:19,15.26,1,1526,-1
14:46:16,15.27,10,15270,1
14:46:10,15.26,19,28994,1
14:46:07,15.27,0,0,1
14:45:58,15.27,10,15270,1
14:45:46,15.25,0,0,-1
14:45:43,15.25,10,15250,-1
14:45:34,15.25,1,1525,-1
14:45:31,15.25,0,0,-1
14:45:28,15.25,2,3050,-1
14:45:25,15.28,100,152800,1
14:45:22,15.28,6,9168,1
14:45:19,15.25,40,61000,1
14:45:10,15.25,10,15250,1
14:45:07,15.28,0,0,1
14:45:04,15.28,310,473680,1
14:45:01,15.25,1,1525,0
14:44:57,15.26,73,111398,1
14:44:55,15.24,3,4572,-1
14:44:52,15.26,2,3052,1
14:44:48,15.26,37,56462,1
14:44:45,15.25,4,6100,-1
14:44:40,15.26,32,48832,1
14:44:37,15.26,18,27468,1
14:44:33,15.25,3,4575,-1
14:44:31,15.25,12,18300,0
14:44:27,15.25,17,25925,1
14:44:22,15.25,11,16775,1
14:44:18,15.25,2,3050,1
14:44:16,15.24,5,7620,-1
14:44:12,15.24,0,0,-1
14:44:09,15.24,58,88392,-1
14:44:06,15.24,6,9144,-1
14:44:03,15.25,28,42700,1
14:44:00,15.25,10,15250,1
14:43:54,15.25,71,108275,1
14:43:51,15.25,8,12200,1
14:43:45,15.25,6,9150,1
14:43:42,15.25,63,96075,-1
14:43:39,15.25,74,112850,-1
14:43:36,15.26,56,85456,1
14:43:33,15.26,10,15260,1
14:43:21,15.26,10,15260,1
14:43:12,15.26,200,305200,1
14:43:09,15.26,123,187698,0
14:43:06,15.26,10,15260,-1
14:43:00,15.26,15,22890,-1
14:42:51,15.26,0,0,-1
14:42:48,15.26,201,306726,-1
14:42:36,15.27,30,45810,-1
14:42:33,15.27,10,15270,1
14:42:30,15.27,32,48864,-1
14:42:27,15.27,12,18324,-1
14:42:24,15.27,194,296238,1
14:42:21,15.27,66,100782,1
14:42:15,15.27,1,1527,1
14:42:09,15.26,10,15260,-1
14:42:00,15.26,13,19838,-1
14:41:57,15.26,4,6104,-1
14:41:51,15.27,94,143538,1
14:41:48,15.26,119,181594,-1
14:41:45,15.26,6,9156,-1
14:41:33,15.26,14,21364,-1
14:41:24,15.27,38,58026,1
14:41:21,15.27,29,44283,1
14:41:18,15.26,3,4578,0
14:41:12,15.27,0,0,1
14:41:03,15.27,7,10689,1
14:41:00,15.26,216,329616,1
14:40:57,15.25,10,15250,-1
14:40:54,15.25,14,21350,-1
14:40:48,15.26,2,3052,1
14:40:45,15.26,7,10682,1
14:40:42,15.26,2,3052,1
14:40:39,15.25,4,6100,-1
14:40:33,15.26,174,265524,1
14:40:29,15.26,142,216692,-1
14:40:26,15.26,328,500528,-1
14:40:21,15.27,17,25959,1
14:40:17,15.27,46,70242,-1
14:40:08,15.27,128,195456,-1
14:40:05,15.28,2,3056,1
14:40:02,15.28,13,19864,1
14:39:59,15.27,3,4581,-1
14:39:53,15.28,28,42784,-1
14:39:50,15.28,12,18336,-1
14:39:47,15.29,46,70334,1
14:39:38,15.28,3,4584,-1
14:39:35,15.29,106,162074,-1
14:39:32,15.29,18,27522,-1
14:39:29,15.29,1,1529,-1
14:39:26,15.29,6,9174,-1
14:39:23,15.29,75,114675,-1
14:39:20,15.29,9,13761,-1
14:39:17,15.3,77,117810,1
14:39:14,15.3,4,6120,1
14:39:11,15.29,12,18348,-1
14:39:08,15.29,116,177364,-1
14:39:05,15.29,67,102443,-1
14:39:02,15.3,50,76500,1
14:38:59,15.3,10,15300,1
14:38:53,15.29,37,56573,-1
14:38:50,15.3,225,344250,1
14:38:47,15.3,73,111690,1
14:38:44,15.29,24,36696,-1
14:38:41,15.29,10,15290,-1
14:38:38,15.29,30,45870,-1
14:38:35,15.3,36,55080,1
14:38:32,15.3,21,32130,1
14:38:29,15.3,5,7650,1
14:38:26,15.29,3,4587,-1
14:38:23,15.29,5,7645,-1
14:38:20,15.3,13,19890,1
14:38:17,15.3,100,153000,1
14:38:14,15.29,8,12232,-1
14:38:11,15.29,3,4587,-1
14:38:08,15.29,22,33638,-1
14:38:05,15.29,99,151371,1
14:37:59,15.29,48,73392,1
14:37:50,15.29,6,9174,1
14:37:47,15.29,281,429649,1
14:37:44,15.27,0,0,-1
14:37:41,15.27,3,4581,-1
14:37:38,15.28,111,169608,1
14:37:35,15.28,100,152800,1
14:37:29,15.27,3,4581,-1
14:37:26,15.27,37,56499,-1
14:37:23,15.27,106,161862,-1
14:37:20,15.27,45,68715,1
14:37:17,15.27,5,7635,1
14:37:11,15.26,11,16786,-1
14:37:08,15.27,2,3054,1
14:37:05,15.27,29,44283,1
14:37:02,15.26,5,7630,-1
14:36:56,15.26,12,18312,-1
14:36:53,15.26,77,117502,1
14:36:50,15.26,50,76300,1
14:36:47,15.26,77,117502,1
14:36:29,15.25,19,28975,-1
14:36:23,15.25,86,131150,1
14:36:20,15.25,6,9150,1
14:36:14,15.25,25,38125,1
14:36:08,15.24,30,45720,-1
14:35:50,15.25,33,50325,-1
14:35:47,15.25,13,19825,-1
14:35:38,15.25,3,4575,-1
14:35:35,15.25,1,1525,-1
14:35:32,15.25,3,4575,1
14:35:23,15.25,56,85400,1
14:35:20,15.24,72,109728,1
14:34:50,15.24,28,42672,1
14:34:20,15.24,2,3048,-1
14:34:17,15.24,60,91440,-1
14:34:14,15.25,11,16775,1
14:34:11,15.25,8,12200,1
14:34:08,15.25,20,30500,1
14:34:05,15.25,10,15250,1
14:34:02,15.25,9,13725,1
14:33:59,15.24,27,41148,-1
14:33:56,15.25,16,24400,1
14:33:47,15.25,20,30500,1
14:33:44,15.25,50,76250,1
14:33:35,15.25,8,12200,1
14:33:29,15.24,71,108204,1
14:33:23,15.23,3,4569,-1
14:33:20,15.24,30,45720,1
14:33:14,15.24,5,7620,-1
14:33:08,15.24,28,42672,1
14:33:05,15.24,0,0,1
14:32:59,15.24,5,7620,1
14:32:53,15.24,176,268224,1
14:32:50,15.23,2,3046,1
14:32:46,15.23,1,1523,1
14:32:31,15.24,0,0,1
14:32:28,15.24,20,30480,1
14:32:22,15.23,0,0,0
14:32:16,15.23,21,31983,1
14:31:49,15.23,26,39598,1
14:31:43,15.21,116,176436,-1
14:31:25,15.22,65,98930,1
14:31:22,15.22,9,13698,1
14:31:19,15.21,2,3042,-1
14:31:16,15.22,50,76100,1
14:31:10,15.22,2,3044,1
14:31:07,15.22,11,16742,1
14:31:04,15.21,27,41067,-1
14:30:55,15.22,1,1522,1
14:30:49,15.22,6,9132,1
14:30:46,15.22,36,54792,1
14:30:37,15.22,4,6088,1
14:30:31,15.22,57,86754,1
14:30:25,15.22,6,9132,1
14:30:04,15.22,94,143068,1
14:30:01,15.21,53,80613,-1
14:29:46,15.22,4,6088,1
14:29:37,15.22,5,7610,1
14:29:31,15.22,8,12176,1
14:29:28,15.21,10,15210,-1
14:29:22,15.22,5,7610,1
14:29:19,15.22,3,4566,1
14:29:13,15.22,2,3044,1
14:29:07,15.22,11,16742,1
14:29:04,15.22,4,6088,1
14:29:01,15.22,2,3044,1
14:28:58,15.21,6,9126,-1
14:28:55,15.22,2,3044,1
14:28:52,15.21,66,100386,-1
14:28:49,15.21,20,30420,1
14:28:43,15.21,2,3042,1
14:28:40,15.21,7,10647,1
14:28:37,15.21,2,3042,1
14:28:31,15.21,2,3042,1
14:28:28,15.21,2,3042,1
14:28:19,15.21,1,1521,1
14:28:16,15.19,4,6076,-1
14:28:01,15.21,5,7605,1
14:27:58,15.21,4,6084,-1
14:27:49,15.22,13,19786,1
14:27:46,15.19,200,303800,-1
14:27:34,15.22,15,22830,1
14:27:31,15.22,54,82188,1
14:27:28,15.22,2,3044,1
14:27:22,15.22,19,28918,1
14:27:09,15.22,12,18264,-1
14:27:04,15.24,50,76200,1
14:26:55,15.24,2,3048,1
14:26:52,15.22,0,0,0
14:26:48,15.22,0,0,1
14:26:46,15.22,10,15220,1
14:26:43,15.21,2,3042,-1
14:26:22,15.21,66,100401,1
14:26:06,15.2,15,22800,-1
14:25:57,15.2,3,4560,1
14:25:39,15.2,2,3040,1
14:25:33,15.2,2,3040,1
14:25:30,15.2,1,1520,1
14:25:21,15.2,2,3040,-1
14:25:09,15.19,8,12152,1
14:25:06,15.19,3,4557,1
14:25:03,15.19,5,7595,1
14:25:00,15.19,1,1519,1
14:24:57,15.19,1,1519,1
14:24:54,15.19,4,6076,1
14:24:51,15.19,1,1519,1
14:24:48,15.19,35,53165,1
14:24:45,15.19,20,30380,1
14:24:42,15.19,5,7595,1
14:24:39,15.19,3,4557,1
14:24:36,15.19,2,3038,1
14:24:33,15.19,11,16709,1
14:24:30,15.19,8,12152,-1
14:24:27,15.21,2,3042,1
14:24:24,15.19,21,31899,-1
14:24:21,15.2,5,7600,1
14:24:15,15.2,1,1520,1
14:24:12,15.2,1,1520,1
14:24:09,15.2,3,4560,1
14:24:06,15.2,2,3040,0
14:24:03,15.21,1,1521,1
14:24:00,15.19,11,16709,1
14:23:57,15.19,1,1519,1
14:23:54,15.19,2,3038,1
14:23:51,15.19,57,86583,-1
14:23:48,15.21,1,1521,1
14:23:39,15.21,22,33462,1
14:23:36,15.2,10,15200,1
14:23:33,15.2,2,3040,1
14:23:30,15.19,1,1519,-1
14:23:27,15.2,3,4560,1
14:23:24,15.2,2,3040,1
14:23:21,15.2,3,4560,1
14:23:18,15.2,38,57760,-1
14:23:12,15.21,10,15210,1
14:23:09,15.2,276,419520,-1
14:23:06,15.21,3,4563,1
14:22:59,15.21,333,506493,-1
14:22:57,15.21,2,3042,-1
14:22:48,15.21,20,30420,-1
14:22:45,15.22,13,19786,1
14:22:41,15.21,1,1521,-1
14:22:36,15.22,6,9132,1
14:22:33,15.22,58,88276,-1
14:22:26,15.22,26,39572,1
14:22:14,15.22,94,143068,-1
14:22:11,15.25,1,1525,1
14:22:06,15.25,2,3050,1
14:22:03,15.25,4,6100,1
14:22:00,15.22,5,7610,-1
14:21:50,15.22,20,30440,1
14:21:44,15.22,68,103496,-1
14:21:35,15.22,20,30440,-1
14:21:29,15.22,12,18264,-1
14:21:23,15.22,2,3044,1
14:21:20,15.23,0,0,1
14:21:05,15.23,21,31983,1
14:20:47,15.22,10,15220,1
14:20:29,15.22,8,12176,1
14:20:14,15.22,24,36528,-1
14:20:11,15.22,5,7610,-1
14:19:59,15.23,6,9138,1
14:19:56,15.22,12,18264,-1
14:19:53,15.22,71,108062,-1
14:19:35,15.23,73,111179,1
14:19:29,15.23,9,13707,1
14:19:20,15.22,40,60880,-1
14:19:17,15.23,100,152300,1
14:19:11,15.23,2,3046,1
14:18:59,15.23,10,15230,1
14:18:38,15.22,5,7610,-1
14:18:26,15.23,78,118794,-1
14:18:17,15.25,0,0,-1
14:18:11,15.25,10,15250,-1
14:17:53,15.25,6,9150,1
14:17:41,15.23,0,0,-1
14:17:38,15.23,18,27414,-1
14:17:29,15.25,56,85400,1
14:17:11,15.23,37,56351,-1
14:16:53,15.24,6,9144,-1
14:16:50,15.24,14,21336,-1
14:16:20,15.24,2,3048,-1
14:16:11,15.24,1,1524,-1
14:16:05,15.25,2,3050,1
14:16:02,15.25,2,3050,1
14:15:59,15.25,2,3050,1
14:15:56,15.24,4,6096,-1
14:15:47,15.25,20,30500,1
14:15:41,15.25,0,0,1
14:15:29,15.25,111,169275,1
14:15:14,15.24,6,9144,1
14:15:11,15.24,14,21336,-1
14:14:59,15.25,31,47275,1
14:14:55,15.24,65,99060,-1
14:14:40,15.25,17,25925,1
14:14:25,15.25,1,1525,1
14:14:19,15.24,20,30480,-1
14:13:58,15.24,18,27432,-1
14:13:55,15.24,200,304800,-1
14:13:46,15.25,34,51850,1
14:13:34,15.25,18,27450,-1
14:13:31,15.25,5,7625,-1
14:13:25,15.25,3,4575,-1
14:13:04,15.25,18,27450,-1
14:12:58,15.25,1,1525,-1
14:12:43,15.26,20,30520,-1
14:12:34,15.27,21,32067,1
14:12:22,15.26,20,30520,-1
14:12:10,15.27,5,7635,-1
14:12:07,15.27,5,7635,-1
14:12:01,15.27,13,19851,-1
14:11:58,15.27,30,45810,-1
14:11:52,15.27,11,16797,-1
14:11:49,15.27,60,91620,-1
14:11:43,15.27,1,1527,-1
14:11:37,15.27,20,30540,-1
14:11:34,15.27,10,15270,-1
14:11:16,15.28,5,7640,1
14:11:10,15.27,1,1527,-1
14:10:52,15.28,4,6112,1
14:10:43,15.28,10,15280,1
14:10:40,15.28,18,27504,-1
14:10:22,15.28,5,7640,-1
14:10:19,15.28,30,45840,1
14:10:10,15.28,80,122240,-1
14:10:01,15.29,18,27522,1
14:09:58,15.29,57,87153,1
14:09:55,15.28,10,15280,-1
14:09:37,15.28,10,15280,-1
14:09:25,15.28,32,48896,-1
14:09:18,15.28,173,264344,1
14:09:15,15.27,13,19851,-1
14:09:13,15.27,15,22905,-1
14:09:10,15.27,3,4581,-1
14:09:04,15.28,40,61120,1
14:08:55,15.27,26,39702,-1
14:08:49,15.27,4,6108,-1
14:08:39,15.27,3,4581,-1
14:08:36,15.27,3,4581,-1
14:08:27,15.27,20,30540,-1
14:08:13,15.28,1,1528,1
14:08:09,15.27,10,15270,-1
14:08:03,15.28,6,9168,1
14:07:57,15.27,1,1527,-1
14:07:54,15.28,16,24448,1
14:07:51,15.27,39,59553,-1
14:07:33,15.27,1,1527,1
14:07:27,15.27,2,3054,-1
14:07:12,15.28,4,6112,-1
14:07:09,15.28,14,21392,-1
14:07:06,15.28,10,15280,-1
14:07:03,15.29,75,114675,1
14:07:00,15.28,21,32088,-1
14:06:57,15.28,15,22920,-1
14:06:51,15.28,14,21392,-1
14:06:45,15.28,23,35144,1
14:06:42,15.28,24,36672,1
14:06:36,15.28,65,99320,1
14:06:33,15.28,23,35144,1
14:06:30,15.26,21,32046,-1
14:06:27,15.28,13,19864,1
14:06:21,15.28,23,35144,-1
14:06:18,15.28,5,7640,-1
14:06:15,15.29,153,233937,1
14:06:09,15.28,15,22920,1
14:06:06,15.28,4,6112,1
14:06:03,15.28,10,15280,1
14:06:00,15.26,8,12208,-1
14:05:54,15.28,20,30560,1
14:05:45,15.28,120,183360,1
14:05:39,15.26,9,13734,-1
14:05:36,15.26,6,9156,-1
14:05:33,15.26,10,15260,-1
14:05:24,15.26,1,1526,-1
14:05:12,15.26,65,99190,1
14:05:06,15.24,0,0,-1
14:04:57,15.24,8,12192,1
14:04:54,15.24,10,15240,1
14:04:47,15.24,182,277368,-1
14:04:44,15.25,153,233325,1
14:04:42,15.24,16,24384,1
14:04:38,15.24,0,0,0
14:04:36,15.24,2,3048,1
14:04:24,15.23,4,6092,-1
14:04:17,15.24,204,310896,1
14:04:11,15.23,21,31983,1
14:04:05,15.22,1,1522,-1
14:03:53,15.23,33,50259,-1
14:03:44,15.24,10,15240,1
14:03:35,15.23,63,95949,1
14:03:23,15.23,91,138593,1
14:03:14,15.23,45,68535,1
14:03:11,15.22,15,22830,-1
14:02:59,15.22,1,1522,-1
14:02:56,15.22,15,22830,1
14:02:53,15.22,30,45660,1
14:02:44,15.22,2,3044,1
14:02:35,15.21,17,25857,1
14:02:32,15.21,10,15210,1
14:02:20,15.21,78,118638,1
14:02:14,15.2,1,1520,-1
14:02:11,15.21,1,1521,1
14:01:50,15.2,10,15200,-1
14:01:35,15.2,1,1520,1
14:01:32,15.19,1,1519,-1
14:01:20,15.21,0,0,1
14:01:14,15.21,10,15210,1
14:01:02,15.21,10,15210,1
14:00:59,15.21,0,0,1
14:00:47,15.21,2,3042,1
14:00:35,15.21,21,31941,1
14:00:23,15.21,5,7605,1
14:00:08,15.2,0,0,0
14:00:05,15.2,0,0,-1
14:00:02,15.2,7,10640,1
13:59:56,15.17,70,106190,-1
13:59:41,15.2,21,31920,1
13:59:38,15.19,10,15190,-1
13:59:35,15.2,36,54720,1
13:59:32,15.19,4,6076,-1
13:59:23,15.19,16,24304,1
13:59:14,15.19,88,133672,1
13:59:11,15.18,24,36432,-1
13:59:08,15.18,2,3036,-1
13:58:56,15.18,25,37950,1
13:58:50,15.18,24,36432,1
13:58:47,15.17,1,1517,-1
13:58:44,15.18,10,15180,1
13:58:35,15.18,8,12144,1
13:58:20,15.18,96,145728,-1
13:58:14,15.18,58,88044,-1
13:57:41,15.19,21,31899,1
13:57:31,15.19,26,39494,-1
13:57:29,15.19,31,47089,-1
13:57:26,15.19,26,39494,-1
13:56:55,15.19,30,45570,-1
13:56:46,15.19,47,71393,-1
13:56:43,15.19,3,4557,-1
13:56:31,15.19,2,3038,-1
13:56:25,15.2,12,18240,1
13:56:10,15.2,1,1520,-1
13:56:07,15.2,6,9120,-1
13:56:04,15.2,2,3040,-1
13:55:58,15.2,1,1520,1
13:55:52,15.19,1,1519,-1
13:55:49,15.2,4,6080,-1
13:55:40,15.2,8,12160,-1
13:55:37,15.2,6,9120,-1
13:55:28,15.2,44,66880,1
13:54:55,15.2,5,7600,1
13:54:49,15.2,4,6080,-1
13:54:31,15.2,70,106400,-1
13:54:28,15.2,17,25840,-1
13:54:22,15.2,41,62320,-1
13:54:16,15.2,8,12160,-1
13:53:34,15.2,10,15200,-1
13:53:31,15.22,5,7610,1
13:53:16,15.2,4,6080,-1
13:53:13,15.2,7,10640,-1
13:53:06,15.22,30,45660,-1
13:52:57,15.2,10,15200,-1
13:52:43,15.2,3,4560,-1
13:52:33,15.22,4,6088,-1
13:52:24,15.23,5,7615,-1
13:52:21,15.23,5,7615,1
13:52:18,15.22,11,16742,-1
13:52:03,15.23,21,31983,1
13:51:54,15.22,1,1522,-1
13:51:45,15.22,6,9132,-1
13:51:33,15.19,0,0,-1
13:51:24,15.19,0,0,-1
13:51:03,15.19,7,10633,-1
13:51:00,15.18,0,0,-1
13:50:39,15.18,0,0,-1
13:50:36,15.18,7,10626,-1
13:50:24,15.18,0,0,-1
13:50:21,15.18,456,692208,-1
13:50:18,15.23,3,4569,1
13:50:15,15.22,7,10654,-1
13:49:30,15.23,4,6092,-1
13:49:21,15.24,1,1524,1
13:49:18,15.24,21,32004,1
13:49:06,15.23,1,1523,1
13:49:00,15.23,19,28937,-1
13:48:48,15.23,47,71581,1
13:48:42,15.23,6,9138,1
13:48:12,15.23,10,15230,1
13:48:09,15.22,1,1522,-1
13:47:51,15.22,7,10654,1
13:47:45,15.21,2,3042,1
13:47:36,15.21,2,3042,1
13:47:33,15.21,6,9126,-1
13:47:30,15.22,8,12176,1
13:47:09,15.22,14,21308,1
13:46:48,15.22,5,7610,1
13:46:45,15.21,6,9126,-1
13:46:42,15.22,17,25874,1
13:46:09,15.2,0,0,-1
13:45:54,15.2,10,15200,-1
13:45:42,15.21,2,3042,-1
13:45:05,15.2,0,0,-1
13:44:56,15.2,6,9120,-1
13:44:53,15.22,50,76100,1
13:44:44,15.22,0,0,1
13:44:41,15.22,21,31962,1
13:44:05,15.19,0,0,-1
13:43:56,15.19,70,106330,-1
13:43:50,15.21,11,16731,-1
13:43:44,15.21,5,7605,-1
13:43:23,15.21,17,25857,1
13:43:20,15.2,1,1520,-1
13:43:05,15.21,1,1521,1
13:42:50,15.2,6,9120,-1
13:42:47,15.2,5,7600,-1
13:42:35,15.21,0,0,0
13:42:20,15.21,10,15210,-1
13:41:56,15.22,0,0,1
13:41:14,15.22,0,0,1
13:41:08,15.22,64,97408,1
13:41:05,15.2,6,9120,-1
13:41:02,15.2,19,28880,-1
13:40:59,15.21,20,30420,1
13:40:50,15.21,38,57798,1
13:40:47,15.2,31,47120,-1
13:40:26,15.21,20,30420,1
13:40:07,15.21,0,0,1
13:40:02,15.21,10,15210,1
13:39:55,15.21,50,76050,1
13:39:53,15.2,3,4560,-1
13:39:47,15.2,20,30400,-1
13:39:31,15.2,4,6080,1
13:39:19,15.19,10,15190,-1
13:39:14,15.2,1,1520,1
13:39:08,15.2,1,1520,1
13:39:02,15.19,2,3038,-1
13:38:50,15.2,17,25840,1
13:38:47,15.19,1,1519,-1
13:38:43,15.19,9,13671,-1
13:38:34,15.2,10,15200,1
13:38:31,15.19,1,1519,-1
13:38:26,15.2,19,28880,1
13:38:19,15.2,10,15200,1
13:38:10,15.2,9,13680,-1
13:38:01,15.2,1,1520,-1
13:37:55,15.2,23,34960,-1
13:37:31,15.2,1,1520,-1
13:37:16,15.21,12,18252,1
13:37:10,15.2,1,1520,-1
13:37:04,15.2,23,34960,1
13:37:01,15.19,2,3038,-1
13:36:49,15.2,58,88160,1
13:36:40,15.19,20,30380,-1
13:36:31,15.19,2,3038,-1
13:36:01,15.19,1,1519,-1
13:35:58,15.2,10,15200,1
13:35:52,15.2,1,1520,1
13:35:31,15.19,6,9114,-1
13:35:22,15.2,36,54720,1
13:35:09,15.19,7,10633,-1
13:35:03,15.19,1,1519,-1
13:34:57,15.2,8,12160,1
13:34:49,15.19,15,22785,-1
13:34:42,15.2,12,18240,1
13:34:36,15.2,21,31920,1
13:34:33,15.19,1,1519,-1
13:34:27,15.2,19,28880,1
13:34:21,15.19,31,47089,1
13:34:18,15.19,4,6076,1
13:34:06,15.18,2,3036,-1
13:34:03,15.19,60,91140,1
13:33:48,15.18,2,3036,-1
13:33:33,15.18,1,1518,-1
13:33:18,15.17,28,42476,-1
13:33:15,15.19,10,15190,1
13:33:06,15.17,8,12136,-1
13:33:03,15.17,1,1517,-1
13:33:00,15.19,0,0,1
13:32:57,15.19,3,4557,1
13:32:54,15.17,1,1517,-1
13:32:51,15.16,0,0,-1
13:32:48,15.16,200,303200,-1
13:32:33,15.17,1,1517,-1
13:32:30,15.17,21,31857,-1
13:32:15,15.17,0,0,-1
13:32:12,15.17,2,3034,-1
13:32:06,15.18,21,31878,1
13:32:03,15.17,2,3034,-1
13:31:54,15.17,57,86469,1
13:31:51,15.17,14,21238,1
13:31:45,15.17,4,6068,1
13:31:39,15.17,12,18204,1
13:31:33,15.17,5,7585,1
13:31:30,15.17,89,135013,-1
13:31:21,15.19,3,4557,-1
13:31:12,15.17,250,379250,-1
13:31:03,15.19,1,1519,-1
13:30:51,15.2,10,15200,-1
13:30:48,15.21,20,30420,1
13:30:39,15.21,11,16731,1
13:30:36,15.21,38,57798,-1
13:30:33,15.21,2,3042,-1
13:30:21,15.2,0,0,-1
13:30:06,15.2,1,1520,-1
13:29:48,15.2,20,30400,-1
13:29:36,15.22,60,91320,1
13:29:15,15.21,21,31941,1
13:28:57,15.2,13,19760,-1
13:28:42,15.2,1,1520,-1
13:28:27,15.19,7,10633,-1
13:28:15,15.2,7,10640,1
13:28:12,15.19,10,15190,-1
13:28:09,15.19,12,18228,-1
13:28:06,15.19,5,7595,-1
13:27:51,15.2,9,13680,-1
13:27:45,15.2,2,3040,1
13:27:38,15.2,5,7600,1
13:27:30,15.2,1,1520,1
13:27:23,15.19,10,15190,-1
13:26:56,15.19,10,15190,-1
13:26:53,15.19,30,45570,-1
13:26:41,15.19,7,10633,-1
13:26:23,15.2,5,7904,-1
13:26:20,15.2,10,15200,-1
13:26:17,15.2,16,24320,-1
13:26:05,15.2,100,152000,-1
13:25:53,15.2,16,24320,-1
13:25:35,15.21,10,15210,1
13:25:29,15.21,22,33462,1
13:25:14,15.2,3,4560,-1
13:24:53,15.21,2,3042,1
13:24:44,15.2,7,10640,-1
13:24:32,15.2,20,30400,-1
13:24:23,15.21,21,31941,1
13:24:08,15.2,1,1520,-1
13:23:59,15.21,2,3042,1
13:23:50,15.21,30,45630,-1
13:23:38,15.21,20,30420,-1
13:23:35,15.22,1,1522,1
13:23:07,15.22,3,4566,1
13:22:37,15.21,1,1521,0
13:22:25,15.2,0,0,-1
13:22:16,15.2,60,91200,-1
13:22:10,15.2,17,25840,-1
13:22:01,15.2,5,7600,-1
13:21:55,15.2,0,0,-1
13:21:52,15.2,20,30400,-1
13:21:49,15.21,13,19773,1
13:21:43,15.2,27,42256,-1
13:21:37,15.21,21,31941,1
13:21:19,15.2,5,7600,1
13:21:10,15.2,20,30400,1
13:20:55,15.2,1,1520,1
13:20:49,15.19,12,18228,-1
13:19:49,15.19,10,15190,-1
13:19:46,15.19,1,1519,-1
13:19:34,15.19,9,13671,-1
13:19:31,15.19,38,57722,-1
13:19:25,15.19,5,7595,-1
13:19:22,15.19,4,6076,-1
13:19:16,15.19,28,42532,1
13:19:07,15.19,4,6076,1
13:19:04,15.18,17,25806,-1
13:18:46,15.19,40,60760,-1
13:18:37,15.2,39,59280,-1
13:18:28,15.2,6,9120,-1
13:18:22,15.2,4,6080,-1
13:18:13,15.2,73,110960,-1
13:18:07,15.2,15,22800,-1
13:18:04,15.2,22,33440,-1
13:17:37,15.21,1,1521,-1
13:17:31,15.21,8,12168,-1
13:17:13,15.21,48,73008,1
13:17:06,15.2,48,72960,-1
13:17:04,15.21,5,7605,1
13:17:01,15.21,10,15210,-1
13:16:58,15.21,22,33462,-1
13:16:52,15.21,7,10647,1
13:16:43,15.21,2,3042,1
13:16:36,15.21,3,4563,-1
13:16:33,15.21,10,15210,-1
13:16:18,15.21,10,15210,-1
13:16:09,15.21,24,36504,1
13:16:06,15.21,1,1521,1
13:16:03,15.21,30,45630,-1
13:16:00,15.22,0,0,1
13:15:48,15.22,36,54792,-1
13:15:42,15.22,1,1522,-1
13:15:15,15.21,11,16731,1
13:15:12,15.21,7,10647,-1
13:14:57,15.23,10,15230,1
13:14:48,15.23,0,0,1
13:14:45,15.23,7,10661,1
13:14:39,15.23,21,31983,1
13:14:21,15.21,6,9126,-1
13:14:09,15.21,16,24336,-1
13:14:06,15.22,12,18264,-1
13:13:54,15.22,15,22830,1
13:13:48,15.22,19,28918,1
13:13:15,15.21,8,12168,-1
13:13:09,15.21,1,1521,-1
13:12:48,15.21,14,21430,1
13:12:45,15.21,3,4563,1
13:12:42,15.21,3,4563,1
13:12:39,15.21,3,4563,1
13:12:36,15.21,1,2905,-1
13:12:33,15.21,3,4563,-1
13:12:18,15.21,1,1521,-1
13:12:15,15.22,30,45660,1
13:12:09,15.22,26,39572,-1
13:11:54,15.22,28,42616,1
13:11:48,15.21,0,136,-1
13:11:39,15.22,32,48704,1
13:11:09,15.21,16,24336,1
13:10:51,15.21,27,41067,1
13:10:45,15.21,2,3042,1
13:10:15,15.2,198,300960,1
13:10:00,15.2,2,3040,1
13:09:57,15.19,33,50127,1
13:09:54,15.19,2,3038,1
13:09:47,15.18,1,1518,-1
13:09:42,15.19,2,3038,1
13:09:38,15.19,21,31899,1
13:09:30,15.19,2,3038,1
13:09:24,15.18,4,6072,-1
13:09:21,15.19,2,3038,1
13:09:14,15.18,10,15180,-1
13:09:11,15.19,8,12152,1
13:09:09,15.19,1,1519,1
13:08:44,15.19,2,3038,1
13:08:02,15.19,15,22785,1
13:07:53,15.18,1,1518,-1
13:07:23,15.19,100,151900,1
13:06:50,15.19,4,6076,1
13:06:41,15.18,6,9108,-1
13:06:14,15.19,20,30380,1
13:06:02,15.18,3,4554,-1
13:05:41,15.18,1,1518,-1
13:05:29,15.18,66,100188,-1
13:05:26,15.19,1,1519,1
13:05:02,15.19,2,3038,1
13:04:56,15.18,39,59202,-1
13:04:53,15.18,8,12144,-1
13:04:50,15.18,12,18216,-1
13:04:44,15.18,1,1518,-1
13:04:38,15.19,10,15190,1
13:04:35,15.18,12,18216,-1
13:04:14,15.18,5,7590,-1
13:03:56,15.18,2,3036,-1
13:03:46,15.18,5,7590,-1
13:03:43,15.18,48,72864,1
13:03:40,15.18,3,4554,1
13:03:34,15.17,1,1517,-1
13:03:25,15.18,1,1518,1
13:03:19,15.18,9,13662,-1
13:02:52,15.18,8,12144,1
13:02:49,15.17,30,45510,-1
13:02:46,15.18,10,15180,1
13:02:40,15.18,10,15180,1
13:02:37,15.17,1,1517,-1
13:02:31,15.18,3,4554,1
13:02:28,15.18,84,127512,1
13:02:10,15.18,10,15180,1
13:02:07,15.18,10,15180,1
13:01:49,15.18,5,7590,1
13:01:46,15.17,5,7585,-1
13:01:43,15.18,10,15180,1
13:01:40,15.17,56,84952,-1
13:01:31,15.18,5,7590,1
13:01:22,15.18,100,151800,1
13:01:16,15.17,11,16687,-1
13:01:13,15.18,12,18216,1
13:00:52,15.17,2,3034,-1
13:00:46,15.17,2,3034,-1
13:00:43,15.18,2,3036,1
13:00:25,15.18,14,21252,1
13:00:13,15.18,1,1518,1
13:00:07,15.18,29,44022,1
13:00:04,15.18,130,197340,1
13:00:01,15.19,438,665322,-1
11:30:00,15.19,0,0,-1
11:30:00,15.19,0,0,-1
11:29:56,15.19,1,1519,-1
11:29:41,15.18,0,0,-1
11:29:37,15.18,40,60720,-1
11:29:26,15.2,0,0,1
11:29:11,15.2,5,7600,1
11:29:05,15.2,213,323760,1
11:29:02,15.2,9,13680,1
11:28:59,15.2,78,118560,-1
11:28:41,15.22,143,217646,-1
11:28:29,15.22,0,0,-1
11:28:23,15.22,20,30440,-1
11:28:14,15.22,150,228300,-1
11:28:08,15.22,10,15220,-1
11:28:05,15.22,12,18264,-1
11:28:02,15.22,24,36528,-1
11:27:59,15.22,13,19786,-1
11:27:56,15.23,2,3046,1
11:27:53,15.22,16,24352,-1
11:27:50,15.23,14,21322,1
11:27:47,15.22,20,30440,-1
11:27:17,15.22,18,27396,1
11:26:59,15.21,1,1521,-1
11:26:32,15.2,0,0,-1
11:26:14,15.2,2,3040,1
11:26:11,15.2,7,10640,1
11:25:59,15.2,291,442320,-1
11:25:53,15.22,5,7610,-1
11:25:20,15.23,10,15230,1
11:25:08,15.23,2,3046,1
11:25:05,15.23,2,3046,-1
11:24:47,15.23,17,25891,1
11:24:35,15.22,3,4566,-1
11:24:17,15.22,1,1522,-1
11:24:02,15.23,3,4569,-1
11:23:53,15.23,57,86811,-1
11:23:50,15.23,27,41121,1
11:23:20,15.22,46,70012,1
11:23:17,15.22,10,15220,1
11:23:14,15.22,8,12176,1
11:23:11,15.21,1,1521,-1
11:23:02,15.22,8,12176,1
11:22:59,15.22,2,3044,1
11:22:56,15.22,1,1522,1
11:22:47,15.22,179,272438,1
11:22:44,15.2,1,1520,1
11:22:41,15.2,1,1520,1
11:22:38,15.2,2,3040,1
11:22:32,15.19,1,1519,-1
11:22:29,15.19,6,9114,-1
11:22:26,15.2,11,16720,1
11:22:23,15.19,4,6076,-1
11:22:14,15.19,1,1519,-1
11:22:02,15.19,30,45570,-1
11:21:44,15.2,7,10640,-1
11:21:41,15.2,8,12160,-1
11:21:35,15.2,11,16720,1
11:21:32,15.2,2,3040,1
11:21:11,15.2,185,281200,-1
11:20:29,15.22,10,15220,1
11:19:56,15.22,6,9132,1
11:19:44,15.22,10,15220,1
11:19:28,15.23,0,0,1
11:19:26,15.23,20,30460,1
11:19:20,15.2,300,456000,-1
11:19:11,15.21,0,0,-1
11:18:58,15.21,0,0,-1
11:18:56,15.21,26,39546,-1
11:18:53,15.22,18,27396,1
11:18:44,15.21,1,1521,-1
11:18:37,15.22,16,24352,-1
11:18:23,15.23,0,0,1
11:18:02,15.23,5,7615,-1
11:17:43,15.2,0,0,-1
11:17:41,15.2,500,760000,-1
11:17:34,15.23,3,4569,1
11:17:19,15.23,44,67012,1
11:17:13,15.23,2,3046,1
11:17:07,15.22,3,4566,1
11:16:52,15.22,7,10654,-1
11:16:49,15.22,3,4566,-1
11:16:34,15.22,6,9132,1
11:16:31,15.22,14,21308,-1
11:16:25,15.23,4,6092,-1
11:16:13,15.24,26,39624,-1
11:16:01,15.25,74,112850,-1
11:15:55,15.25,200,305000,-1
11:15:52,15.25,275,419375,-1
11:15:43,15.26,14,21364,-1
11:15:34,15.26,49,74774,-1
11:15:28,15.26,10,15260,-1
11:15:25,15.26,35,53410,-1
11:15:16,15.26,20,30520,-1
11:15:07,15.26,15,22890,-1
11:15:01,15.27,1,1527,1
11:14:58,15.26,10,15260,-1
11:14:13,15.26,100,152600,-1
11:13:55,15.27,55,83985,-1
11:13:46,15.27,2,3054,-1
11:13:22,15.27,10,15270,-1
11:13:13,15.27,14,21378,-1
11:13:10,15.27,10,15270,-1
11:13:07,15.27,30,45810,-1
11:12:52,15.27,19,29013,-1
11:12:49,15.27,10,15270,-1
11:12:43,15.27,16,24432,-1
11:12:37,15.27,15,22905,-1
11:12:34,15.27,15,22905,-1
11:12:19,15.28,10,15280,1
11:12:16,15.28,16,24448,-1
11:12:06,15.28,7,10696,1
11:11:58,15.27,20,30540,-1
11:11:39,15.28,5,7640,1
11:11:34,15.27,5,7635,-1
11:11:06,15.28,10,15280,1
11:11:03,15.27,80,122160,-1
11:10:48,15.28,13,19864,1
11:10:35,15.27,17,25959,1
11:10:02,15.26,0,0,-1
11:09:53,15.26,96,146496,-1
11:09:44,15.27,4,6108,-1
11:09:38,15.28,2,3056,1
11:09:05,15.28,3,4584,1
11:08:56,15.29,0,0,1
11:08:50,15.29,205,313445,1
11:08:23,15.28,6,9168,1
11:08:20,15.28,21,32088,1
11:07:50,15.28,6,9168,1
11:07:35,15.27,10,15270,-1
11:07:32,15.28,17,25976,1
11:07:29,15.27,65,99255,-1
11:07:20,15.28,2,3056,1
11:07:14,15.28,8,12224,1
11:07:11,15.28,2,3056,1
11:07:05,15.27,6,9162,-1
11:06:59,15.28,7,10696,1
11:06:56,15.27,22,33594,-1
11:06:44,15.28,19,29032,-1
11:06:41,15.28,10,15280,-1
11:06:38,15.29,4,6116,1
11:06:32,15.29,32,48928,1
11:06:29,15.28,10,15280,-1
11:06:23,15.29,1,1529,1
11:06:17,15.28,16,24448,-1
11:06:05,15.28,2,3056,-1
11:06:02,15.28,2,3056,-1
11:05:56,15.28,5,7640,-1
11:05:44,15.29,4,6116,1
11:05:32,15.28,11,16808,1
11:04:44,15.29,0,0,1
11:04:38,15.29,0,0,1
11:04:32,15.29,0,0,1
11:04:26,15.29,20,30580,1
11:04:20,15.28,50,76400,1
11:04:14,15.27,19,29013,-1
11:03:38,15.27,7,10689,-1
11:03:29,15.27,11,16797,-1
11:03:17,15.27,80,122160,-1
11:03:08,15.28,1,1528,1
11:03:05,15.27,29,44283,-1
11:03:02,15.28,5,7640,1
11:02:38,15.27,15,22905,-1
11:02:32,15.28,5,7640,1
11:02:23,15.27,2,3054,-1
11:02:20,15.28,2,3056,1
11:02:17,15.28,6,9168,1
11:02:14,15.27,1,1527,-1
11:02:11,15.28,2,3056,1
11:02:08,15.28,3,4584,1
11:02:05,15.28,2,3056,1
11:02:02,15.27,20,30540,-1
11:01:59,15.28,2,3056,1
11:01:50,15.27,7,10689,-1
11:01:47,15.28,8,12224,1
11:01:38,15.28,1,1528,1
11:01:26,15.27,1,1527,-1
11:01:22,15.27,4,6108,-1
11:01:08,15.28,1,1528,1
11:00:53,15.28,10,15280,1
11:00:46,15.28,7,10696,-1
11:00:41,15.28,30,45840,-1
11:00:38,15.29,1,1529,1
11:00:26,15.29,10,15290,1
11:00:19,15.28,20,30560,-1
11:00:16,15.28,36,55008,-1
11:00:07,15.29,1,1529,1
11:00:01,15.28,10,15280,-1
10:59:55,15.28,11,16808,-1
10:59:50,15.29,4,6116,1
10:59:46,15.29,6,9174,1
10:59:43,15.29,3,4587,1
10:59:40,15.28,13,19864,-1
10:59:37,15.29,2,3058,1
10:59:34,15.28,4,6112,-1
10:59:10,15.28,3,4584,-1
10:59:07,15.29,1,1529,1
10:59:04,15.29,2,3058,1
10:59:01,15.28,5,7640,-1
10:58:52,15.29,8,12232,1
10:58:37,15.29,1,1529,1
10:58:34,15.28,12,18336,1
10:58:19,15.28,3,4584,1
10:58:16,15.28,10,15280,1
10:58:07,15.28,11,16808,-1
10:58:04,15.29,2,3058,1
10:58:01,15.28,1,1528,-1
10:57:49,15.28,3,4584,1
10:57:40,15.29,0,0,1
10:57:34,15.29,2,3058,1
10:57:31,15.27,21,32067,-1
10:57:10,15.28,3,4584,-1
10:57:04,15.29,1,1529,1
10:56:58,15.28,6,9168,1
10:56:55,15.28,4,6112,-1
10:56:46,15.28,3,4584,-1
10:56:34,15.28,10,15280,-1
10:56:31,15.29,1,1529,1
10:56:28,15.28,3,4584,1
10:56:10,15.27,18,27486,-1
10:56:01,15.28,1,1528,1
10:55:58,15.27,4,6108,-1
10:55:52,15.28,7,10696,1
10:55:49,15.27,3,4581,-1
10:55:40,15.27,70,106890,-1
10:55:31,15.28,1,1528,1
10:55:22,15.28,51,77928,-1
10:55:19,15.28,16,24448,-1
10:55:04,15.28,20,30560,-1
10:55:01,15.29,2,3058,1
10:54:46,15.28,10,15280,-1
10:54:34,15.28,5,7640,-1
10:54:31,15.29,1,1529,1
10:54:13,15.28,5,7640,-1
10:54:03,15.29,1,1529,1
10:53:46,15.28,10,15280,-1
10:53:42,15.3,0,0,1
10:53:40,15.3,20,30600,1
10:53:31,15.29,139,212531,-1
10:53:22,15.29,4,6116,-1
10:53:18,15.29,9,13761,-1
10:53:10,15.29,34,51986,-1
10:53:03,15.29,12,18348,-1
10:52:54,15.29,2,3058,0
10:52:50,15.28,260,397280,-1
10:52:45,15.28,1,1528,-1
10:52:35,15.28,2,3056,-1
10:52:33,15.28,64,97792,-1
10:52:08,15.28,7,10696,-1
10:52:05,15.29,1,1529,1
10:52:02,15.29,10,15290,1
10:51:56,15.29,32,48928,-1
10:51:35,15.3,1,1530,1
10:51:29,15.3,10,15300,1
10:51:26,15.3,10,15300,1
10:51:23,15.29,70,107030,-1
10:51:17,15.29,30,45870,-1
10:51:08,15.3,2,3060,1
10:51:05,15.3,10,15300,1
10:51:02,15.3,2,3060,1
10:50:59,15.29,89,136081,-1
10:50:56,15.3,60,91800,1
10:50:44,15.3,38,58140,-1
10:50:41,15.3,62,94860,1
10:50:32,15.3,1,1530,1
10:50:26,15.29,10,15290,-1
10:50:17,15.3,1,1530,-1
10:50:11,15.3,28,42840,1
10:50:02,15.3,1,1530,1
10:49:59,15.3,18,27540,1
10:49:50,15.3,7,10710,1
10:49:32,15.3,20,30600,1
10:49:20,15.3,118,180540,1
10:49:05,15.3,1,1530,1
10:48:59,15.3,8,12240,-1
10:48:56,15.3,1,1530,1
10:48:50,15.3,10,15300,-1
10:48:44,15.3,20,30600,-1
10:48:35,15.31,1,1531,1
10:48:11,15.31,2,3062,1
10:48:05,15.31,11,16841,1
10:48:02,15.3,7,10710,-1
10:47:32,15.31,2,3062,1
10:47:14,15.3,47,71910,-1
10:47:02,15.31,118,180658,1
10:46:47,15.3,144,220320,1
10:46:41,15.29,20,30580,-1
10:46:35,15.29,2,3058,-1
10:46:32,15.3,1,1530,1
10:46:08,15.29,2,3058,-1
10:46:05,15.29,2,3058,-1
10:46:02,15.3,11,16830,1
10:45:53,15.29,3,4587,-1
10:45:50,15.3,10,15300,1
10:45:41,15.3,4,6120,1
10:45:32,15.3,1,1530,1
10:45:29,15.29,3,4587,-1
10:45:23,15.29,10,15290,-1
10:45:20,15.29,10,15290,-1
10:45:02,15.3,1,1530,1
10:44:50,15.29,12,18348,-1
10:44:41,15.29,15,22935,1
10:44:35,15.28,43,65704,-1
10:44:32,15.29,111,169719,1
10:44:11,15.28,18,27504,-1
10:44:02,15.29,1,1529,1
10:43:50,15.28,124,189472,1
10:43:35,15.28,201,307128,1
10:43:32,15.28,1,1528,1
10:43:26,15.28,85,129880,1
10:43:20,15.28,13,19864,1
10:43:17,15.28,259,395752,1
10:43:02,15.28,1,1528,1
10:42:53,15.28,10,15280,1
10:42:50,15.27,3,4581,-1
10:42:41,15.27,3,4581,-1
10:42:31,15.27,0,0,0
10:42:20,15.27,3,4581,-1
10:42:13,15.28,30,45840,1
10:42:10,15.28,25,38200,1
10:42:07,15.27,3,4581,-1
10:42:01,15.27,1,1527,1
10:41:50,15.27,230,351210,1
10:41:46,15.27,45,68715,1
10:41:43,15.27,2,3054,1
10:41:13,15.27,2,3054,1
10:40:49,15.27,12,18324,1
10:40:31,15.27,20,30540,1
10:40:10,15.27,5,7635,1
10:39:49,15.27,1,1527,1
10:39:43,15.26,2,3052,-1
10:39:34,15.27,1,1527,1
10:39:31,15.26,13,19838,-1
10:39:28,15.27,0,0,0
10:39:07,15.27,20,30540,1
10:39:04,15.27,1,1527,1
10:39:01,15.26,68,103768,-1
10:38:52,15.26,4,6104,-1
10:38:40,15.26,11,16786,-1
10:38:34,15.27,1,1527,1
10:38:31,15.27,6,9162,1
10:38:22,15.26,10,15260,-1
10:38:10,15.27,6,9162,1
10:38:07,15.27,215,328305,-1
10:38:04,15.28,2,3056,1
10:37:34,15.28,111,169608,-1
10:37:16,15.28,7,10696,-1
10:37:13,15.29,10,15290,-1
10:37:07,15.29,105,160545,-1
10:37:04,15.29,102,155958,-1
10:36:37,15.29,2,3058,-1
10:36:34,15.29,11,16819,-1
10:36:28,15.29,10,15290,-1
10:36:16,15.29,4,6116,-1
10:36:04,15.3,1,1530,1
10:35:40,15.3,10,15300,1
10:35:34,15.3,11,16830,1
10:35:24,15.3,30,45900,1
10:35:18,15.3,3,4590,1
10:35:03,15.3,6,9180,-1
10:34:45,15.3,8,12240,-1
10:34:33,15.3,14,21420,-1
10:34:20,15.3,15,22950,1
10:34:08,15.3,8,12240,1
10:34:05,15.3,1,1530,1
10:34:02,15.3,68,104040,1
10:33:59,15.3,5,7650,1
10:33:53,15.29,1,1529,-1
10:33:44,15.29,3,4587,1
10:33:41,15.29,16,24464,1
10:33:32,15.29,1,1529,1
10:33:29,15.28,4,6112,-1
10:33:17,15.29,10,15290,-1
10:33:05,15.31,119,182189,1
10:33:02,15.29,1,1529,1
10:32:59,15.29,52,79508,-1
10:32:41,15.29,20,30580,-1
10:32:38,15.3,3,4590,-1
10:32:32,15.31,1,1531,1
10:32:29,15.3,3,4590,1
10:32:26,15.29,7,10703,-1
10:32:20,15.29,10,15290,-1
10:32:14,15.3,164,250920,1
10:32:08,15.29,10,15290,-1
10:32:05,15.3,1,1530,1
10:32:02,15.29,17,25993,-1
10:31:59,15.29,6,9174,-1
10:31:44,15.29,25,38225,-1
10:31:35,15.3,2,3060,1
10:31:23,15.29,73,111617,1
10:31:20,15.28,7,10696,-1
10:31:17,15.28,15,22920,-1
10:31:14,15.29,5,7645,1
10:31:08,15.28,9,13752,-1
10:31:05,15.28,10,15280,-1
10:31:02,15.29,1,1529,1
10:30:41,15.28,5,7640,-1
10:30:35,15.29,1,1529,1
10:30:29,15.29,1,1529,1
10:30:14,15.28,0,0,-1
10:30:08,15.28,4,6112,-1
10:30:05,15.29,19,29051,1
10:30:02,15.29,24,36696,1
10:29:53,15.29,30,45870,1
10:29:50,15.28,50,76400,-1
10:29:35,15.29,5,7645,1
10:29:32,15.28,3,4584,-1
10:29:20,15.29,30,45870,1
10:29:17,15.29,10,15290,1
10:29:11,15.28,3,4584,-1
10:28:50,15.28,15,22920,1
10:28:44,15.28,10,15280,1
10:28:35,15.28,3,4584,1
10:28:29,15.27,1,1527,-1
10:28:23,15.28,1,1528,-1
10:28:17,15.28,23,35144,-1
10:28:14,15.28,1,1528,-1
10:27:59,15.28,21,32088,1
10:27:53,15.28,2,3056,1
10:27:38,15.27,35,53445,-1
10:27:32,15.27,30,45810,-1
10:27:17,15.27,4,6108,-1
10:27:11,15.28,1,1528,-1
10:27:08,15.28,8,12224,-1
10:27:05,15.28,50,76400,-1
10:26:59,15.29,4,6116,1
10:26:50,15.29,35,53515,1
10:26:44,15.28,5,7640,-1
10:26:38,15.28,32,48896,-1
10:26:32,15.28,8,12224,-1
10:26:26,15.29,6,9174,1
10:26:20,15.28,8,12224,-1
10:26:11,15.29,1,1529,1
10:26:08,15.28,11,16808,-1
10:25:56,15.29,6,9174,1
10:25:53,15.28,9,13752,-1
10:25:50,15.28,5,7640,-1
10:25:41,15.28,1,1528,-1
10:25:38,15.28,2,3056,-1
10:25:23,15.29,133,203357,1
10:25:20,15.29,95,145255,-1
10:25:02,15.3,31,47430,1
10:24:56,15.29,1,1529,-1
10:24:53,15.29,10,15290,-1
10:24:41,15.29,1,1529,-1
10:24:11,15.29,25,38225,-1
10:23:58,15.29,5,7645,-1
10:23:40,15.3,36,55080,1
10:23:23,15.3,38,58140,-1
10:23:19,15.3,5,7650,-1
10:23:10,15.3,50,76500,-1
10:23:07,15.3,7,10710,1
10:23:04,15.3,22,33660,-1
10:22:46,15.3,9,13770,-1
10:22:40,15.3,10,15300,-1
10:22:34,15.3,2,3060,-1
10:22:19,15.3,55,84150,-1
10:22:13,15.31,5,7655,1
10:22:10,15.3,1,1530,-1
10:22:04,15.31,66,101046,1
10:22:01,15.31,10,15310,1
10:21:55,15.31,10,15310,1
10:21:49,15.3,51,78030,-1
10:21:34,15.31,27,41337,-1
10:21:31,15.32,1,1532,1
10:21:22,15.31,1,1531,-1
10:21:19,15.31,49,75019,1
10:21:16,15.31,55,84205,1
10:21:07,15.3,5,7650,-1
10:21:04,15.3,5,7650,-1
10:20:52,15.3,1,1530,-1
10:20:16,15.3,232,354960,1
10:20:13,15.3,16,24480,1
10:20:04,15.3,1,1530,1
10:19:58,15.29,10,15290,-1
10:19:55,15.29,12,18348,1
10:19:52,15.29,4,6116,1
10:19:49,15.29,6,9174,1
10:19:40,15.29,48,73392,0
10:19:37,15.29,1,1529,1
10:19:31,15.29,3,4587,1
10:19:28,15.28,3,4584,-1
10:19:13,15.29,19,29051,1
10:19:10,15.28,5,7640,-1
10:18:39,15.28,9,13752,-1
10:18:30,15.29,5,7645,1
10:18:27,15.28,10,15280,-1
10:18:21,15.29,2,3058,1
10:18:19,15.29,10,15290,1
10:18:07,15.29,10,15290,1
10:18:00,15.29,2,3058,1
10:17:54,15.28,2,3056,-1
10:17:42,15.28,2,3056,-1
10:17:39,15.29,3,4587,1
10:17:33,15.28,40,61120,-1
10:17:24,15.28,35,53480,-1
10:17:18,15.29,11,16819,1
10:17:09,15.29,7,10703,1
10:17:03,15.28,0,0,-1
10:17:00,15.28,40,61120,-1
10:16:57,15.29,3,4587,-1
10:16:54,15.29,2,3058,-1
10:16:51,15.29,10,15290,-1
10:16:42,15.29,7,10703,-1
10:16:39,15.29,27,41283,-1
10:16:26,15.29,8,12232,-1
10:16:21,15.29,11,16819,-1
10:16:18,15.3,1,1530,1
10:16:11,15.29,8,12232,-1
10:16:08,15.29,8,12232,-1
10:16:05,15.29,7,10703,-1
10:15:59,15.29,12,18348,-1
10:15:47,15.29,5,7645,-1
10:15:44,15.29,120,183480,-1
10:15:29,15.29,13,19877,-1
10:15:20,15.3,43,65790,1
10:15:17,15.3,1,1530,1
10:15:02,15.3,9,13770,1
10:14:59,15.3,40,61200,1
10:14:47,15.3,20,30600,1
10:14:38,15.3,2,3060,-1
10:14:32,15.3,13,19890,1
10:14:26,15.3,12,18360,-1
10:14:11,15.3,7,10710,-1
10:14:08,15.3,8,12240,-1
10:13:56,15.3,23,35190,-1
10:13:50,15.31,18,27558,1
10:13:38,15.3,5,7650,-1
10:13:26,15.31,2,3062,1
10:13:23,15.3,38,58140,-1
10:13:02,15.31,9,13779,1
10:12:44,15.3,45,68850,-1
10:12:32,15.31,12,18372,1
10:12:29,15.3,50,76500,-1
10:12:23,15.31,31,47461,1
10:12:14,15.3,21,32130,-1
10:12:11,15.3,0,0,-1
10:12:08,15.3,14,21420,-1
10:12:05,15.32,7,10724,1
10:12:02,15.32,4,6128,1
10:11:59,15.32,12,18384,1
10:11:56,15.32,10,15320,1
10:11:53,15.31,10,15310,-1
10:11:50,15.31,35,53585,-1
10:11:44,15.32,19,29108,1
10:11:41,15.31,7,10717,-1
10:11:32,15.32,20,30640,1
10:11:29,15.31,15,22965,-1
10:11:26,15.31,14,21434,-1
10:11:23,15.32,2,3064,1
10:11:17,15.31,1,1531,-1
10:11:14,15.31,12,18372,-1
10:11:05,15.31,10,15310,-1
10:10:59,15.31,2,3062,-1
10:10:56,15.32,2,3064,1
10:10:29,15.32,4,6128,-1
10:10:14,15.32,5,7660,-1
10:10:11,15.32,3,4596,-1
10:10:08,15.32,5,7660,-1
10:10:02,15.32,20,30640,-1
10:09:59,15.32,26,39832,1
10:09:41,15.31,1,1531,-1
10:09:38,15.33,0,0,1
10:09:32,15.33,70,107310,1
10:09:29,15.3,12,18360,-1
10:09:20,15.32,23,35236,-1
10:09:14,15.32,104,159328,1
10:09:05,15.3,4,6120,1
10:08:59,15.3,38,58140,-1
10:08:56,15.3,11,16830,-1
10:08:44,15.3,1,1530,-1
10:08:38,15.32,8,12256,1
10:08:29,15.3,50,76500,-1
10:08:23,15.3,25,38250,-1
10:08:20,15.3,10,15300,-1
10:08:11,15.31,6,9186,1
10:08:08,15.31,1,1531,1
10:08:02,15.3,121,185130,-1
10:07:53,15.31,24,36744,1
10:07:50,15.3,1,1530,-1
10:07:41,15.31,49,75019,-1
10:07:20,15.31,3,4593,1
10:07:17,15.3,2,3060,-1
10:06:59,15.3,0,0,-1
10:06:53,15.3,70,107100,-1
10:06:50,15.32,47,72004,1
10:06:44,15.31,11,16841,-1
10:06:38,15.31,2,3062,-1
10:06:35,15.31,1,1531,-1
10:06:25,15.32,18,27576,-1
10:06:23,15.32,15,22980,-1
10:06:20,15.32,2,3064,-1
10:06:16,15.32,12,18384,-1
10:06:07,15.33,7,10731,1
10:06:01,15.33,149,228417,-1
10:05:58,15.33,8,12264,-1
10:05:55,15.33,8,12264,-1
10:05:52,15.33,1,1533,-1
10:05:49,15.33,1,1533,-1
10:05:46,15.33,10,15330,-1
10:05:43,15.33,1,1533,-1
10:05:37,15.33,2,3066,-1
10:05:31,15.33,10,15330,-1
10:05:25,15.33,40,61320,-1
10:05:19,15.33,0,0,-1
10:05:10,15.33,20,30660,-1
10:05:04,15.35,15,23025,1
10:05:01,15.35,20,30700,-1
10:04:58,15.36,311,477696,1
10:04:52,15.35,6,9210,-1
10:04:49,15.35,22,33770,-1
10:04:46,15.35,12,18420,-1
10:04:43,15.35,10,15350,-1
10:04:40,15.35,1,1535,-1
10:04:34,15.35,28,42980,-1
10:04:31,15.35,33,50655,-1
10:04:28,15.35,345,529575,1
10:04:25,15.33,23,35259,-1
10:04:22,15.34,1,1534,0
10:04:19,15.35,15,23025,1
10:04:16,15.34,9,13806,1
10:04:13,15.34,10,15340,-1
10:04:10,15.35,43,66005,1
10:04:07,15.33,2,3066,-1
10:04:04,15.33,21,32193,-1
10:03:58,15.35,3,4605,-1
10:03:55,15.35,100,153500,-1
10:03:52,15.36,12,18432,1
10:03:49,15.35,25,38375,-1
10:03:46,15.35,13,19955,-1
10:03:43,15.35,11,16885,-1
10:03:40,15.36,38,58368,-1
10:03:37,15.36,22,33792,-1
10:03:34,15.36,88,135168,-1
10:03:31,15.36,82,125952,-1
10:03:28,15.36,44,67584,-1
10:03:25,15.36,19,29184,-1
10:03:22,15.36,60,92160,-1
10:03:19,15.36,172,264192,-1
10:03:10,15.36,61,93696,1
10:03:07,15.35,42,64470,-1
10:03:04,15.36,30,46080,1
10:03:01,15.36,6,9216,1
10:02:58,15.36,23,35328,1
10:02:55,15.35,65,99775,-1
10:02:52,15.36,24,36864,1
10:02:49,15.36,10,15360,1
10:02:43,15.35,2,3070,-1
10:02:40,15.35,11,16885,-1
10:02:31,15.35,406,623210,1
10:02:28,15.33,5,7665,-1
10:02:25,15.34,8,12272,1
10:02:22,15.33,32,49056,-1
10:02:19,15.33,46,70518,-1
10:02:16,15.34,111,170274,1
10:01:55,15.34,10,15340,1
10:01:52,15.33,10,15330,-1
10:01:49,15.33,44,67452,1
10:01:46,15.33,10,15330,1
10:01:40,15.33,26,39858,1
10:01:34,15.33,100,153300,1
10:01:28,15.33,10,15330,1
10:01:25,15.32,41,62812,-1
10:01:13,15.32,10,15320,-1
10:01:10,15.32,99,151668,1
10:01:07,15.32,5,7660,1
10:01:04,15.31,11,16841,1
10:01:01,15.31,11,16841,-1
10:00:58,15.31,6,9186,-1
10:00:55,15.31,11,16841,-1
10:00:48,15.31,32,48992,-1
10:00:42,15.32,25,38300,1
10:00:36,15.32,49,75068,1
10:00:34,15.31,12,18372,-1
10:00:30,15.32,0,0,0
10:00:19,15.32,15,22980,1
10:00:15,15.31,40,61240,-1
10:00:09,15.31,45,68895,-1
10:00:06,15.32,4,6128,1
10:00:00,15.32,4,6128,-1
09:59:57,15.33,7,10731,1
09:59:54,15.33,53,81249,1
09:59:48,15.32,26,39832,-1
09:59:42,15.33,5,7665,1
09:59:39,15.33,19,29127,1
09:59:36,15.32,28,42896,-1
09:59:33,15.32,20,30640,-1
09:59:27,15.33,21,32193,1
09:59:24,15.32,14,21448,-1
09:59:21,15.33,10,15330,1
09:59:15,15.32,29,44428,-1
09:59:12,15.32,27,41364,-1
09:59:09,15.33,43,65919,1
09:59:06,15.32,18,27576,-1
09:59:03,15.32,57,87324,-1
09:58:57,15.32,15,22980,-1
09:58:54,15.32,3,4596,-1
09:58:51,15.32,29,44428,-1
09:58:42,15.32,1,1532,-1
09:58:36,15.32,25,38300,0
09:58:33,15.33,62,95046,1
09:58:30,15.31,30,45930,-1
09:58:26,15.31,105,160755,-1
09:58:23,15.32,1,1532,1
09:58:14,15.31,9,13779,-1
09:58:08,15.32,3,4596,1
09:58:03,15.32,13,19916,0
09:57:59,15.33,41,62853,1
09:57:56,15.33,80,122640,1
09:57:53,15.33,9,13797,1
09:57:50,15.32,10,15320,-1
09:57:44,15.33,12,18396,1
09:57:41,15.32,32,49024,-1
09:57:38,15.33,15,22995,1
09:57:35,15.33,45,68985,-1
09:57:32,15.34,62,95108,1
09:57:26,15.33,10,15330,-1
09:57:23,15.34,40,61360,1
09:57:20,15.32,30,45960,-1
09:57:17,15.34,47,72098,1
09:57:14,15.33,104,159432,-1
09:57:11,15.34,60,92040,1
09:57:08,15.33,314,481362,-1
09:57:05,15.34,58,88972,1
09:57:02,15.33,3,4599,-1
09:56:56,15.33,21,32193,-1
09:56:53,15.33,10,15330,-1
09:56:50,15.33,424,649992,1
09:56:47,15.3,10,15300,0
09:56:44,15.32,109,166988,1
09:56:38,15.29,42,64218,-1
09:56:32,15.32,10,15320,1
09:56:29,15.3,23,35190,-1
09:56:26,15.31,1,1531,1
09:56:23,15.3,3,4590,-1
09:56:20,15.31,53,81143,0
09:56:14,15.3,57,87210,-1
09:56:11,15.3,69,105570,-1
09:56:08,15.32,0,0,1
09:56:05,15.32,8,12256,1
09:56:02,15.32,64,98048,1
09:55:59,15.32,68,104176,1
09:55:56,15.3,30,45900,-1
09:55:53,15.32,0,0,1
09:55:50,15.32,23,35236,1
09:55:44,15.32,21,32172,-1
09:55:41,15.34,20,30680,1
09:55:38,15.33,83,127239,-1
09:55:29,15.34,8,12272,1
09:55:26,15.34,23,35282,1
09:55:23,15.35,20,30700,1
09:55:20,15.34,30,46020,1
09:55:17,15.32,16,24512,0
09:55:14,15.35,213,326955,1
09:55:11,15.29,26,39754,-1
09:55:05,15.32,29,44428,1
09:55:02,15.32,13,19916,1
09:54:59,15.3,3,4590,1
09:54:56,15.3,930,1422900,1
09:54:53,15.28,45,68760,1
09:54:50,15.27,1,1527,1
09:54:47,15.27,63,96201,1
09:54:44,15.27,32,48864,1
09:54:41,15.27,5,7635,1
09:54:35,15.27,95,145065,1
09:54:29,15.26,12,18312,-1
09:54:26,15.26,11,16786,-1
09:54:23,15.25,10,15250,-1
09:54:20,15.26,26,39676,1
09:54:17,15.25,5,7625,-1
09:54:14,15.26,131,199906,1
09:54:05,15.25,5,7625,-1
09:54:02,15.25,46,70150,-1
09:53:59,15.25,122,186050,1
09:53:53,15.25,100,152500,1
09:53:50,15.25,0,0,1
09:53:47,15.25,10,15250,1
09:53:41,15.25,43,65575,1
09:53:38,15.25,36,54900,1
09:53:35,15.25,5,7625,1
09:53:32,15.25,100,152500,1
09:53:29,15.25,20,30500,1
09:53:26,15.25,27,41175,1
09:53:23,15.25,37,56425,1
09:53:20,15.25,10,15250,1
09:53:17,15.25,16,24400,1
09:53:14,15.25,4,6100,1
09:53:11,15.25,15,22875,-1
09:53:08,15.25,9,13725,-1
09:53:05,15.26,20,30520,1
09:53:02,15.26,21,32046,1
09:52:59,15.25,35,53375,-1
09:52:47,15.25,15,22875,-1
09:52:44,15.25,220,335500,1
09:52:38,15.25,8,12200,1
09:52:35,15.25,0,0,1
09:52:29,15.25,0,0,1
09:52:26,15.25,500,762500,1
09:52:20,15.24,0,0,1
09:52:14,15.24,1,1524,1
09:52:11,15.19,35,53165,-1
09:52:08,15.23,581,884863,1
09:51:59,15.19,39,59241,-1
09:51:56,15.2,215,326800,1
09:51:53,15.2,0,0,1
09:51:50,15.2,13,19760,1
09:51:47,15.2,10,15200,1
09:51:38,15.18,11,16698,-1
09:51:32,15.19,165,250635,1
09:51:26,15.18,1,1518,-1
09:51:20,15.19,52,78988,1
09:51:14,15.18,0,0,0
09:51:11,15.18,31,47058,1
09:51:08,15.17,1,1517,-1
09:51:05,15.18,2,3036,1
09:51:02,15.17,7,10619,-1
09:50:59,15.18,17,25806,1
09:50:50,15.17,1,1517,-1
09:50:29,15.18,33,50094,1
09:50:26,15.17,22,33374,-1
09:50:17,15.18,20,30360,1
09:50:14,15.18,5,7590,1
09:50:08,15.17,2,3034,-1
09:50:05,15.18,30,45540,1
09:50:02,15.17,1,1517,-1
09:49:53,15.17,21,31857,-1
09:49:50,15.17,35,53095,1
09:49:38,15.17,32,48544,1
09:49:35,15.17,20,30340,-1
09:49:23,15.17,21,31857,-1
09:49:17,15.17,10,15170,1
09:49:14,15.17,5,7585,1
09:49:05,15.17,7,10619,1
09:48:44,15.17,6,9102,1
09:48:41,15.17,4,6068,1
09:48:34,15.17,20,30340,1
09:48:29,15.17,12,18204,1
09:48:16,15.17,34,51578,-1
09:48:14,15.17,0,0,-1
09:48:07,15.17,2,3034,-1
09:47:58,15.17,1,1517,-1
09:47:52,15.17,28,42476,-1
09:47:46,15.17,2,3034,-1
09:47:43,15.17,21,31857,-1
09:47:25,15.17,7,10619,-1
09:47:22,15.17,7,10619,-1
09:47:19,15.17,15,22755,-1
09:47:16,15.19,7,10633,-1
09:47:07,15.17,0,0,-1
09:47:04,15.17,49,74333,-1
09:46:52,15.19,7,10633,1
09:46:49,15.19,1,1519,1
09:46:34,15.19,2,3038,1
09:46:31,15.18,6,9108,-1
09:46:22,15.18,5,7590,1
09:46:10,15.17,10,15170,-1
09:46:07,15.18,20,30360,1
09:46:01,15.17,2,3034,-1
09:45:58,15.17,10,15170,-1
09:45:46,15.17,2,3034,-1
09:45:43,15.18,0,0,1
09:45:40,15.18,232,352176,1
09:45:37,15.18,29,44022,1
09:45:34,15.17,7,10619,-1
09:45:13,15.17,3,4551,1
09:45:10,15.17,1,1517,1
09:45:07,15.17,27,40959,1
09:45:01,15.17,7,10619,1
09:44:58,15.16,4,6064,1
09:44:55,15.16,2,3032,1
09:44:52,15.16,49,74284,-1
09:44:46,15.16,9,13644,-1
09:44:37,15.17,11,16687,1
09:44:34,15.15,1,1515,-1
09:44:31,15.15,9,13635,-1
09:44:28,15.16,1,1516,1
09:44:25,15.16,8,12128,1
09:44:22,15.16,79,119764,1
09:44:19,15.14,8,12112,-1
09:44:16,15.15,3,4545,1
09:44:13,15.15,27,40905,1
09:44:10,15.15,13,19695,1
09:44:07,15.15,14,21210,1
09:44:04,15.15,25,37875,1
09:43:58,15.15,24,36360,1
09:43:49,15.15,3,4545,1
09:43:46,15.15,1,1515,1
09:43:40,15.15,74,112110,-1
09:43:37,15.15,1,1515,-1
09:43:31,15.16,3,4548,0
09:43:28,15.15,15,22725,-1
09:43:22,15.16,6,9096,1
09:43:19,15.16,14,21224,1
09:43:00,15.16,8,12128,-1
09:42:52,15.16,7,10612,1
09:42:45,15.16,19,28804,1
09:42:39,15.15,2,3030,-1
09:42:36,15.13,10,15130,-1
09:42:33,15.16,9,13644,1
09:42:30,15.13,0,0,-1
09:42:27,15.13,20,30260,-1
09:42:24,15.15,7,10605,-1
09:42:21,15.15,3,4545,1
09:42:15,15.12,0,0,-1
09:42:12,15.12,0,0,-1
09:42:09,15.12,2,3024,-1
09:42:06,15.12,21,31752,-1
09:42:00,15.12,20,30240,-1
09:41:57,15.12,0,0,-1
09:41:54,15.12,8,12096,-1
09:41:45,15.16,3,4548,-1
09:41:36,15.19,13,19747,1
09:41:33,15.11,0,0,-1
09:41:30,15.11,969,1464159,-1
09:41:27,15.19,4,6076,1
09:41:18,15.18,1,1518,-1
09:41:12,15.19,64,97216,-1
09:41:09,15.2,70,106400,1
09:41:06,15.2,15,22800,1
09:41:03,15.2,20,30400,1
09:41:00,15.2,60,91200,-1
09:40:57,15.2,9,13680,-1
09:40:35,15.2,21,31920,1
09:40:30,15.21,30,45630,1
09:40:26,15.19,10,15190,-1
09:40:14,15.21,0,0,1
09:40:11,15.21,30,45630,1
09:40:02,15.2,17,25840,-1
09:39:57,15.2,9,13680,-1
09:39:53,15.2,6,9120,-1
09:39:50,15.2,20,30400,-1
09:39:41,15.2,2,3040,-1
09:39:38,15.2,18,27360,-1
09:39:29,15.2,5,7600,-1
09:39:23,15.2,74,112480,-1
09:39:20,15.21,2,3042,1
09:39:14,15.2,10,15200,-1
09:39:11,15.2,3,4560,-1
09:39:08,15.2,1,1520,-1
09:39:05,15.21,10,15210,1
09:38:59,15.2,10,15200,-1
09:38:56,15.2,5,7600,-1
09:38:50,15.21,33,50193,1
09:38:35,15.21,5,7605,1
09:38:32,15.21,153,232713,-1
09:38:29,15.22,2,3044,-1
09:38:26,15.22,159,241998,1
09:38:17,15.22,41,62402,-1
09:38:14,15.22,1,1522,-1
09:37:56,15.22,12,18264,-1
09:37:53,15.22,8,12176,-1
09:37:47,15.22,5,7610,-1
09:37:41,15.22,1,1522,-1
09:37:38,15.22,29,44138,1
09:37:32,15.21,1,1521,-1
09:37:23,15.21,5,7605,-1
09:37:20,15.22,2,3044,1
09:37:17,15.22,11,16742,1
09:37:11,15.21,59,89739,-1
09:37:05,15.21,14,21294,-1
09:37:02,15.21,7,10647,-1
09:36:53,15.22,9,13698,1
09:36:50,15.22,25,38050,1
09:36:47,15.21,21,31941,-1
09:36:41,15.21,4,6084,-1
09:36:32,15.21,2,3042,-1
09:36:29,15.21,9,13689,-1
09:36:26,15.22,1,1522,1
09:36:23,15.21,13,19773,-1
09:36:20,15.21,5,7605,-1
09:36:17,15.21,10,15210,-1
09:36:14,15.21,6,9126,-1
09:36:08,15.21,52,79092,-1
09:36:05,15.22,3,4566,1
09:36:02,15.22,74,112628,-1
09:35:53,15.23,54,82242,1
09:35:50,15.21,1,1521,-1
09:35:47,15.21,17,25857,-1
09:35:44,15.22,1,1522,1
09:35:35,15.21,17,25857,-1
09:35:32,15.21,6,9126,-1
09:35:29,15.21,1,1521,-1
09:35:23,15.21,2,3042,-1
09:35:20,15.21,1,1521,-1
09:35:17,15.22,7,10654,1
09:35:11,15.22,15,22830,1
09:35:02,15.21,1,1521,-1
09:34:59,15.21,1,1521,-1
09:34:56,15.22,185,281570,-1
09:34:50,15.24,5,7620,1
09:34:47,15.23,2,3046,-1
09:34:41,15.24,70,106680,1
09:34:38,15.23,6,9138,-1
09:34:32,15.23,17,25891,-1
09:34:26,15.23,33,50259,-1
09:34:20,15.23,53,80719,1
09:34:14,15.23,25,38075,1
09:34:08,15.23,28,42644,1
09:34:05,15.22,3,4566,-1
09:33:59,15.23,4,6092,1
09:33:56,15.22,5,7610,-1
09:33:50,15.23,51,77673,1
09:33:41,15.22,5,7610,-1
09:33:38,15.21,3,4563,-1
09:33:32,15.22,22,33484,1
09:33:29,15.22,59,89798,1
09:33:23,15.21,2,3042,-1
09:33:20,15.21,16,24336,-1
09:33:17,15.21,13,19773,1
09:33:11,15.2,27,41040,-1
09:33:08,15.21,3,4563,1
09:33:05,15.21,101,153621,1
09:32:53,15.21,2,3042,1
09:32:50,15.21,42,63882,1
09:32:44,15.2,21,31920,-1
09:32:41,15.21,41,62361,1
09:32:38,15.2,14,21280,-1
09:32:35,15.21,49,74529,-1
09:32:29,15.21,5,7605,-1
09:32:26,15.21,15,22815,-1
09:32:14,15.22,33,50226,1
09:32:11,15.21,32,48672,-1
09:32:08,15.21,13,19773,1
09:32:02,15.2,71,107920,-1
09:31:59,15.2,10,15200,-1
09:31:56,15.21,6,9126,1
09:31:53,15.2,9,13680,-1
09:31:38,15.2,21,31920,-1
09:31:35,15.21,6,9126,1
09:31:32,15.2,2,3040,-1
09:31:29,15.21,26,39546,-1
09:31:26,15.21,2,3042,-1
09:31:20,15.2,110,167200,-1
09:31:17,15.2,28,42560,-1
09:31:14,15.2,2,3040,-1
09:31:11,15.21,15,22815,1
09:31:01,15.21,14,21294,1
09:30:59,15.2,4,6080,-1
09:30:55,15.2,2,3040,-1
09:30:37,15.19,0,0,-1
09:30:34,15.19,6,9114,-1
09:30:31,15.19,12,18228,1
09:30:28,15.17,2,3034,-1
09:30:19,15.16,0,0,-1
09:30:10,15.16,20,30320,-1
09:30:07,15.16,3,4548,-1
09:30:04,15.16,44,66704,-1
09:30:01,15.15,4,6060,1
09:28:49,15.15,0,0,1
09:25:03,15.15,298,451470,1
