timestamp,price,volume,turnover,direction
15:00:00,16.85,0,0,1
15:00:00,16.85,0,0,1
15:00:00,16.85,90,151650,1
14:59:59,16.84,89,149876,-1
14:59:56,16.86,55,92730,1
14:59:53,16.85,70,117950,-1
14:59:50,16.86,369,622134,1
14:59:47,16.85,26,43810,-1
14:59:44,16.85,101,170185,-1
14:59:41,16.85,241,406085,1
14:59:38,16.85,123,207255,1
14:59:35,16.85,29,48865,1
14:59:32,16.85,26,43810,1
14:59:29,16.84,27,45468,-1
14:59:26,16.85,25,42125,1
14:59:23,16.85,88,148280,1
14:59:20,16.85,26,43810,1
14:59:17,16.85,52,87620,1
14:59:14,16.84,63,106092,0
14:59:11,16.84,11,18524,1
14:59:08,16.83,81,136323,-1
14:59:05,16.84,16,26944,-1
14:59:02,16.85,70,117950,1
14:58:59,16.84,19,31996,-1
14:58:56,16.85,55,92675,1
14:58:53,16.84,47,79148,1
14:58:50,16.84,313,527092,-1
14:58:47,16.85,115,193775,1
14:58:44,16.85,45,75825,1
14:58:41,16.85,20,33700,1
14:58:38,16.85,60,101100,1
14:58:35,16.84,48,80832,-1
14:58:32,16.85,12,20220,1
14:58:29,16.84,220,370480,-1
14:58:26,16.84,6,10104,-1
14:58:23,16.85,38,64030,1
14:58:20,16.84,59,99356,-1
14:58:17,16.85,21,35385,1
14:58:14,16.85,28,47180,1
14:58:10,16.85,773,1302505,-1
14:58:08,16.87,15,25305,1
14:58:05,16.87,73,123151,1
14:58:01,16.87,10,16870,1
14:57:59,16.87,80,134960,-1
14:57:56,16.88,37,62455,1
14:57:53,16.87,13,21931,-1
14:57:49,16.87,17,28679,-1
14:57:47,16.87,47,79289,-1
14:57:44,16.87,24,40488,-1
14:57:38,16.87,9,15183,1
14:57:35,16.87,134,226058,1
14:57:31,16.87,30,50610,1
14:57:29,16.86,126,212436,-1
14:57:26,16.86,54,91044,-1
14:57:23,16.86,14,23604,-1
14:57:20,16.87,3,5061,1
14:57:17,16.87,34,57358,1
14:57:14,16.87,3,5061,1
14:57:11,16.87,43,72541,1
14:57:08,16.86,136,229296,-1
14:57:05,16.88,139,234632,1
14:57:01,16.87,16,26992,-1
14:56:58,16.88,19,32071,1
14:56:55,16.87,16,26992,-1
14:56:49,16.88,127,214376,1
14:56:46,16.88,77,129975,1
14:56:43,16.87,22,37114,-1
14:56:40,16.88,10,16880,1
14:56:37,16.88,93,156984,1
14:56:34,16.87,69,116403,-1
14:56:31,16.87,35,59045,-1
14:56:28,16.88,31,52328,1
14:56:25,16.87,55,92785,-1
14:56:22,16.88,15,25320,1
14:56:19,16.88,22,37136,-1
14:56:16,16.87,28,47236,-1
14:56:13,16.88,37,62455,1
14:56:10,16.88,17,28696,1
14:56:07,16.87,41,69167,-1
14:56:04,16.88,21,35448,1
14:56:01,16.87,127,214249,-1
14:55:58,16.87,80,134960,-1
14:55:55,16.88,12,20256,1
14:55:52,16.88,152,256575,1
14:55:49,16.88,35,59080,1
14:55:46,16.88,87,146856,1
14:55:43,16.88,13,21944,1
14:55:40,16.88,240,405120,1
14:55:37,16.88,11,18568,1
14:55:34,16.88,10,16880,1
14:55:31,16.88,336,567168,-1
14:55:28,16.88,48,81024,-1
14:55:25,16.89,1,1689,1
14:55:19,16.88,3,5064,-1
14:55:16,16.89,448,756672,1
14:55:13,16.88,31,52328,1
14:55:10,16.88,14,23632,1
14:55:07,16.88,6,10128,1
14:55:04,16.88,53,89464,1
14:55:01,16.87,790,1332730,-1
14:54:58,16.9,109,184209,-1
14:54:55,16.9,46,77740,1
14:54:52,16.89,316,533724,-1
14:54:49,16.89,26,43914,-1
14:54:46,16.9,41,69290,1
14:54:43,16.89,28,47292,-1
14:54:40,16.89,10,16890,-1
14:54:37,16.89,31,52359,-1
14:54:34,16.89,13,21957,-1
14:54:31,16.9,1,1689,1
14:54:28,16.89,10,16890,-1
14:54:25,16.9,70,118299,1
14:54:22,16.89,21,35469,1
14:54:19,16.89,59,99651,1
14:54:16,16.89,14,23646,1
14:54:13,16.89,60,101340,1
14:54:10,16.89,10,16890,1
14:54:07,16.89,28,47292,-1
14:54:04,16.9,31,52389,1
14:54:01,16.9,12,20280,1
14:53:58,16.89,17,28713,-1
14:53:55,16.89,24,40536,0
14:53:52,16.88,83,140104,-1
14:53:49,16.89,23,38847,1
14:53:46,16.9,15,25349,1
14:53:43,16.89,50,84450,-1
14:53:40,16.89,20,33780,-1
14:53:37,16.9,39,65910,1
14:53:34,16.89,4,6756,-1
14:53:31,16.89,6,10134,-1
14:53:28,16.89,72,121608,-1
14:53:25,16.9,16,27039,1
14:53:22,16.9,56,94639,1
14:53:19,16.9,2,3379,1
14:53:13,16.9,87,147030,1
14:53:10,16.9,41,69290,1
14:53:07,16.9,17,28729,-1
14:53:04,16.91,456,771096,1
14:53:01,16.9,60,101399,-1
14:52:55,16.91,142,240122,-1
14:52:52,16.92,15,25380,1
14:52:49,16.92,2,3384,1
14:52:46,16.92,322,544824,-1
14:52:43,16.93,18,30474,1
14:52:40,16.93,27,45711,1
14:52:36,16.92,24,40608,-1
14:52:34,16.93,37,62641,1
14:52:27,16.93,25,42325,1
14:52:24,16.93,2,3386,1
14:52:18,16.92,356,602352,-1
14:52:12,16.91,526,889466,-1
14:52:09,16.93,123,208239,-1
14:52:06,16.93,64,108352,-1
14:52:03,16.93,112,189616,-1
14:52:00,16.94,118,199892,1
14:51:57,16.93,501,848193,-1
14:51:54,16.94,317,536998,1
14:51:51,16.93,37,62641,-1
14:51:48,16.94,15,25410,1
14:51:45,16.94,15,25410,1
14:51:42,16.94,48,81312,-1
14:51:39,16.94,190,321860,-1
14:51:36,16.94,70,118580,-1
14:51:33,16.94,52,88088,-1
14:51:30,16.94,13,22022,-1
14:51:27,16.95,24,40680,1
14:51:24,16.94,10,16940,-1
14:51:18,16.94,45,76230,-1
14:51:15,16.95,13,22035,1
14:51:12,16.95,35,59325,1
14:51:09,16.94,519,879186,-1
14:51:06,16.95,216,366120,-1
14:51:03,16.96,12,20352,1
14:51:00,16.96,4,6784,1
14:50:57,16.95,173,293235,-1
14:50:54,16.95,35,59325,-1
14:50:51,16.95,24,40680,-1
14:50:48,16.95,1,1695,-1
14:50:36,16.96,404,685184,-1
14:50:33,16.96,4,6784,-1
14:50:24,16.97,152,257943,-1
14:50:21,16.98,23,39054,1
14:50:18,16.98,23,39054,1
14:50:12,16.97,19,32242,-1
14:50:09,16.97,8,13576,-1
14:50:06,16.97,16,27152,-1
14:50:03,16.97,32,54304,-1
14:50:00,16.97,17,28848,-1
14:49:57,16.98,23,39054,1
14:49:54,16.97,25,42425,-1
14:49:51,16.97,10,16970,-1
14:49:45,16.98,22,37356,1
14:49:42,16.98,103,174894,1
14:49:39,16.97,50,84850,-1
14:49:30,16.98,42,71316,-1
14:49:27,16.98,159,269982,1
14:49:21,16.98,1,1698,1
14:49:18,16.98,259,439782,-1
14:49:15,16.98,26,44148,-1
14:49:12,16.98,14,23772,-1
14:49:06,16.99,61,103638,1
14:49:03,16.98,72,122256,-1
14:49:00,16.98,65,110370,-1
14:48:57,16.98,31,52638,-1
14:48:54,16.99,8,13591,1
14:48:51,16.98,40,67920,-1
14:48:48,16.98,25,42450,-1
14:48:45,16.98,105,178290,1
14:48:42,16.97,71,120486,-1
14:48:39,16.97,24,40728,-1
14:48:36,16.97,80,135760,-1
14:48:33,16.97,110,186670,-1
14:48:30,16.97,13,22061,-1
14:48:27,16.97,26,44122,-1
14:48:21,16.98,2,3396,1
14:48:18,16.98,2,3396,1
14:48:15,16.98,40,67920,1
14:48:12,16.98,1,1698,1
14:48:09,16.98,72,122256,-1
14:48:06,16.98,36,61128,-1
14:48:03,16.99,136,231063,1
14:48:00,16.98,115,195270,-1
14:47:57,16.99,68,115531,1
14:47:54,16.99,5,8495,1
14:47:51,16.98,33,56034,-1
14:47:48,16.98,63,106974,-1
14:47:45,16.98,190,322620,-1
14:47:42,16.98,59,100182,-1
14:47:39,16.99,67,113832,1
14:47:36,16.98,21,35658,-1
14:47:33,16.98,307,521286,1
14:47:30,16.98,3,5094,1
14:47:27,16.98,125,212250,-1
14:47:24,16.98,17,28866,-1
14:47:21,16.99,9,15290,1
14:47:18,16.98,45,76410,-1
14:47:14,16.98,11,18678,-1
14:47:12,16.98,3,5094,-1
14:47:09,16.99,4,6795,1
14:47:06,16.99,51,86648,1
14:47:03,16.98,40,67920,-1
14:47:00,16.98,140,237720,-1
14:46:56,16.98,10,16980,-1
14:46:54,16.98,46,78108,-1
14:46:51,16.98,5,8490,-1
14:46:48,16.98,30,50940,-1
14:46:45,16.98,7,11886,-1
14:46:42,16.98,41,69618,-1
14:46:38,16.98,23,39054,1
14:46:35,16.98,9,15282,1
14:46:33,16.98,28,47544,-1
14:46:30,16.98,179,303942,1
14:46:27,16.98,2,3396,1
14:46:24,16.98,14,23772,1
14:46:20,16.98,7,11886,1
14:46:17,16.98,5,8490,1
14:46:15,16.98,28,47544,1
14:46:12,16.98,4,6792,1
14:46:08,16.98,763,1295574,-1
14:46:06,16.99,54,91745,1
14:46:00,16.99,170,288830,1
14:45:57,16.99,22,37378,1
14:45:53,16.99,11,18689,1
14:45:50,16.98,8,13584,-1
14:45:47,16.99,3,5096,1
14:45:44,16.98,34,57732,-1
14:45:41,16.98,20,33960,-1
14:45:38,17.0,531,902700,1
14:45:35,16.99,18,30581,1
14:45:32,16.99,29,49270,1
14:45:29,16.99,6,10193,1
14:45:26,16.99,712,1209688,1
14:45:23,16.99,2,3397,1
14:45:20,16.99,166,283410,-1
14:45:17,16.99,3,5096,-1
14:45:14,17.0,6,10200,1
14:45:11,16.99,113,191986,-1
14:45:08,16.99,7,11892,-1
14:45:05,16.99,33,56066,-1
14:45:02,16.99,10,16990,-1
14:44:59,17.0,12,20400,1
14:44:56,17.0,18,30600,1
14:44:53,16.99,12,20387,-1
14:44:50,17.0,14,23800,1
14:44:47,17.0,4,6800,1
14:44:44,17.0,111,188700,1
14:44:41,17.0,2,3400,1
14:44:38,17.0,38,64600,1
14:44:32,17.0,4,6800,1
14:44:29,16.99,5,8495,-1
14:44:26,17.0,2,3400,1
14:44:23,17.0,2,3400,1
14:44:20,17.0,12,20400,1
14:44:17,17.0,7,11900,1
14:44:14,17.0,5,8500,1
14:44:11,17.0,105,178500,-1
14:44:08,17.01,16,27216,1
14:44:05,17.0,18,30600,-1
14:44:02,17.0,39,66623,1
14:43:59,17.0,43,74477,-1
14:43:56,17.0,17,28900,-1
14:43:53,17.0,62,105723,1
14:43:50,17.0,30,51000,1
14:43:47,17.0,149,254677,-1
14:43:44,17.0,38,64600,-1
14:43:41,17.0,83,141100,-1
14:43:38,17.01,17,28917,1
14:43:35,17.0,10,17000,-1
14:43:32,17.01,5,8505,1
14:43:29,17.01,36,61236,1
14:43:26,17.0,219,372300,-1
14:43:23,17.0,28,47600,-1
14:43:20,17.01,13,22113,1
14:43:14,17.01,28,47628,1
14:43:11,17.0,11,18700,-1
14:43:08,17.0,31,52700,-1
14:42:59,17.01,13,22113,1
14:42:53,17.01,4,6804,1
14:42:50,17.01,16,27216,-1
14:42:47,17.01,10,17010,1
14:42:44,17.02,156,265512,1
14:42:41,17.01,8,13608,-1
14:42:38,17.02,4,6808,1
14:42:35,17.01,76,129276,-1
14:42:32,17.01,10,17010,-1
14:42:29,17.01,14,23814,-1
14:42:26,17.02,8,13616,1
14:42:23,17.0,11,18700,-1
14:42:20,17.0,10,17000,-1
14:42:17,17.0,120,204000,-1
14:42:14,17.01,20,34020,-1
14:42:11,17.02,88,149776,1
14:42:08,17.01,4,6804,1
14:42:05,17.0,81,137700,-1
14:42:02,17.0,40,68000,-1
14:41:59,17.01,34,57834,1
14:41:56,17.0,19,32300,-1
14:41:50,17.01,222,377622,1
14:41:47,17.0,81,137700,-1
14:41:44,17.01,4,6804,1
14:41:41,17.0,4,6800,-1
14:41:38,17.0,5,8500,-1
14:41:35,17.0,2086,3546523,1
14:41:28,16.99,4,6795,1
14:41:23,16.99,11,18689,1
14:41:20,16.98,3,5094,-1
14:41:17,16.98,7,11886,-1
14:41:14,16.99,16,27183,1
14:41:11,16.99,29,49270,1
14:41:08,16.99,52,88347,1
14:41:04,16.98,13,22074,-1
14:41:02,16.99,7,11892,1
14:40:59,16.98,30,50940,-1
14:40:52,16.98,15,25470,-1
14:40:49,16.98,5,8490,-1
14:40:46,16.99,46,78154,1
14:40:43,16.98,9,15282,-1
14:40:40,16.98,40,67920,-1
14:40:34,16.98,74,125652,-1
14:40:31,16.98,396,672408,-1
14:40:28,16.98,44,74712,-1
14:40:25,16.98,213,361674,-1
14:40:19,16.98,23,39054,-1
14:40:16,16.98,11,18678,-1
14:40:10,16.98,70,118860,-1
14:40:07,16.98,11,18678,-1
14:40:04,16.99,4,6795,1
14:40:01,16.98,119,202062,1
14:39:58,16.98,27,45846,1
14:39:52,16.99,515,874984,1
14:39:46,16.98,22,38018,-1
14:39:43,16.99,37,62862,1
14:39:40,16.98,19,32262,-1
14:39:37,16.98,17,28866,-1
14:39:34,16.98,13,22074,-1
14:39:31,16.98,110,186780,-1
14:39:28,16.98,25,42450,-1
14:39:25,16.98,50,84900,-1
14:39:22,16.99,69,117230,1
14:39:16,16.98,103,174894,-1
14:39:13,16.98,22,37356,-1
14:39:10,16.98,2,3396,-1
14:39:07,16.99,51,86648,1
14:39:04,16.99,3,5096,1
14:38:58,16.99,102,173297,1
14:38:55,16.98,18,30564,-1
14:38:52,16.98,25,42450,-1
14:38:49,16.98,15,25470,-1
14:38:46,16.98,20,33960,-1
14:38:43,16.98,1,1698,-1
14:38:40,16.98,17,28866,-1
14:38:37,16.98,73,123954,-1
14:38:34,16.98,5,8490,-1
14:38:31,16.98,21,35658,-1
14:38:28,16.98,16,27168,-1
14:38:25,16.99,29,49270,1
14:38:22,16.98,34,57732,-1
14:38:19,16.98,28,47544,-1
14:38:13,16.98,7,11886,-1
14:38:10,16.98,60,101880,-1
14:38:07,16.98,34,57732,-1
14:38:04,16.98,512,869376,-1
14:38:01,16.99,5,8495,1
14:37:58,16.99,4,6795,1
14:37:55,16.98,23,39054,-1
14:37:52,16.98,156,264888,-1
14:37:49,16.98,4,6792,-1
14:37:46,16.98,85,145365,1
14:37:43,16.98,14,23772,1
14:37:40,16.97,195,331576,-1
14:37:37,16.97,7,11879,-1
14:37:34,16.97,111,188367,-1
14:37:31,16.97,614,1041957,-1
14:37:25,16.97,10,16970,-1
14:37:19,16.97,6,10182,-1
14:37:16,16.98,4,6792,1
14:37:13,16.97,10,16970,-1
14:37:10,16.97,6,10182,-1
14:37:07,16.98,14,23772,1
14:37:04,16.97,63,106911,-1
14:37:01,16.98,79,134142,1
14:36:58,16.98,3,5094,1
14:36:52,16.98,6,10188,1
14:36:49,16.98,4,6792,1
14:36:46,16.98,15,25470,1
14:36:40,16.98,16,27168,1
14:36:37,16.98,11,18678,1
14:36:34,16.98,13,22074,-1
14:36:31,16.98,30,50940,-1
14:36:28,16.98,6,10188,-1
14:36:25,16.98,11,18678,-1
14:36:22,16.98,24,40752,-1
14:36:19,16.99,18,30581,1
14:36:16,16.98,23,39054,-1
14:36:13,16.98,111,188478,-1
14:36:10,16.98,25,42450,-1
14:36:07,16.98,118,200364,-1
14:36:01,16.98,20,33960,-1
14:35:58,16.98,34,57732,-1
14:35:55,16.98,16,27168,-1
14:35:52,16.99,41,69659,1
14:35:49,16.98,12,20376,-1
14:35:46,16.98,18,30564,-1
14:35:43,16.98,8,13584,-1
14:35:40,16.99,83,141017,1
14:35:37,16.98,56,95088,-1
14:35:31,16.98,13,22074,-1
14:35:28,16.98,29,49242,-1
14:35:25,16.98,17,28866,-1
14:35:19,16.98,2,3396,-1
14:35:15,16.99,19,32280,1
14:35:12,16.98,15,25470,-1
14:35:10,16.99,14,23785,1
14:35:06,16.98,48,81504,-1
14:35:04,16.99,12,20387,1
14:34:58,16.98,45,76410,-1
14:34:55,16.99,14,23785,1
14:34:51,16.98,20,33960,-1
14:34:49,16.98,23,39054,-1
14:34:45,16.99,5,8495,1
14:34:42,16.98,14,23772,-1
14:34:39,16.98,10,16980,-1
14:34:33,16.98,10,16980,-1
14:34:30,16.99,5,8495,1
14:34:27,16.99,12,20387,1
14:34:24,16.99,62,105337,1
14:34:21,16.99,6,10193,1
14:34:18,16.99,4,6795,1
14:34:15,16.99,15,25484,1
14:34:12,16.98,30,50940,-1
14:34:09,16.98,2,3396,-1
14:34:06,16.99,124,210675,1
14:34:03,16.99,6,10193,1
14:34:00,16.99,50,84949,1
14:33:57,16.98,12,20376,-1
14:33:51,16.98,18,30564,-1
14:33:48,16.98,20,33960,-1
14:33:45,16.99,43,73057,1
14:33:36,16.99,275,467224,1
14:33:33,16.98,10,16980,-1
14:33:30,16.99,8,13591,1
14:33:27,16.98,10,16980,-1
14:33:21,16.99,2,3397,1
14:33:18,16.98,21,35658,-1
14:33:15,16.98,12,20376,-1
14:33:12,16.98,80,135840,0
14:33:09,16.97,50,84850,-1
14:33:06,16.99,6,10193,1
14:33:03,16.98,430,731175,1
14:33:00,16.97,4,6788,-1
14:32:57,16.98,35,59430,1
14:32:51,16.98,9,15282,1
14:32:48,16.98,53,89994,1
14:32:45,16.98,1,1698,1
14:32:42,16.97,100,169700,-1
14:32:36,16.98,4,6792,1
14:32:33,16.98,2,3396,1
14:32:30,16.98,6,10188,1
14:32:27,16.98,634,1077194,-1
14:32:24,16.98,49,83202,-1
14:32:21,16.99,11,18689,1
14:32:18,16.99,105,178394,1
14:32:15,16.98,25,42450,-1
14:32:09,16.99,15,25484,1
14:32:06,16.99,31,52668,1
14:32:03,16.99,13,22086,1
14:32:00,16.99,30,50969,1
14:31:57,16.99,8,13591,1
14:31:54,17.0,113,192100,1
14:31:51,16.99,5,8495,-1
14:31:48,17.0,9,15300,1
14:31:45,16.99,15,25484,-1
14:31:42,16.99,69,117230,-1
14:31:39,16.99,69,118267,1
14:31:36,16.99,93,158007,1
14:31:33,16.98,14,23772,-1
14:31:30,16.99,6,10193,1
14:31:27,16.99,4,6795,1
14:31:24,16.98,18,30564,-1
14:31:21,16.99,187,317712,1
14:31:18,16.98,155,263190,-1
14:31:15,16.99,25,42474,1
14:31:12,16.99,24,40775,1
14:31:09,16.98,14,23772,-1
14:31:06,16.98,34,57732,-1
14:31:03,16.98,5,8490,-1
14:31:00,16.98,299,507702,-1
14:30:57,16.98,3,5094,-1
14:30:54,16.98,41,69618,-1
14:30:51,16.98,117,198666,-1
14:30:48,16.98,39,66222,-1
14:30:45,16.99,627,1065273,1
14:30:42,16.98,45,76410,-1
14:30:39,16.98,425,721650,-1
14:30:36,16.99,6,10193,1
14:30:33,16.99,4,6795,1
14:30:30,16.98,13,22074,-1
14:30:27,16.98,355,602790,-1
14:30:24,16.98,14,23772,-1
14:30:21,16.99,12,20387,1
14:30:18,16.99,6,10193,1
14:30:15,16.99,1,1698,1
14:30:12,16.99,20,33980,1
14:30:09,16.99,147,249752,-1
14:30:06,17.0,13,22100,1
14:30:03,17.0,4,6800,1
14:30:00,16.99,7,11892,-1
14:29:57,17.0,2,3400,1
14:29:54,16.99,66,112133,-1
14:29:51,16.99,10,16990,-1
14:29:48,16.99,44,74756,-1
14:29:42,16.99,20,33980,-1
14:29:39,16.99,5,8495,-1
14:29:36,16.99,9,15290,-1
14:29:30,17.0,5,8500,1
14:29:21,17.0,329,560439,-1
14:29:18,17.0,254,431800,-1
14:29:15,17.01,139,236439,1
14:29:12,17.01,2,3402,1
14:29:09,17.01,14,23814,1
14:29:06,17.01,47,79947,-1
14:29:03,17.01,3,5103,-1
14:29:00,17.02,26,44252,1
14:28:57,17.02,7,11914,1
14:28:53,17.02,41,69782,1
14:28:50,17.02,32,54464,-1
14:28:48,17.02,8,13616,-1
14:28:44,17.02,32,54464,-1
14:28:41,17.02,18,30636,1
14:28:39,17.02,34,57868,1
14:28:36,17.01,26,44226,-1
14:28:33,17.02,28,47656,1
14:28:27,17.01,5,8505,-1
14:28:24,17.03,11,18733,1
14:28:17,17.03,3,5109,1
14:28:14,17.04,103,175512,1
14:28:11,17.04,308,524832,1
14:28:09,17.03,110,187330,-1
14:28:05,17.03,70,119210,-1
14:28:02,17.03,13,22139,-1
14:28:00,17.03,44,74932,-1
14:27:57,17.03,30,51090,-1
14:27:54,17.04,113,192552,1
14:27:51,17.04,94,160176,1
14:27:48,17.03,283,481949,-1
14:27:44,17.04,30,51120,-1
14:27:42,17.04,54,92016,0
14:27:38,17.05,526,896830,1
14:27:35,17.03,120,204360,-1
14:27:33,17.04,363,618552,1
14:27:29,17.03,30,51090,-1
14:27:26,17.04,6,10224,1
14:27:23,17.04,114,194256,1
14:27:20,17.04,5,8520,1
14:27:17,17.04,59,100536,-1
14:27:14,17.04,24,40896,-1
14:27:11,17.05,34,57970,1
14:27:08,17.05,177,301785,1
14:27:05,17.05,33,56265,1
14:27:02,17.05,20,34100,1
14:26:59,17.04,205,349320,-1
14:26:56,17.05,395,673475,1
14:26:53,17.03,11,18733,-1
14:26:50,17.03,72,122616,1
14:26:47,17.03,48,81744,1
14:26:44,17.03,110,187330,1
14:26:41,17.03,86,146458,1
14:26:35,17.03,68,115804,1
14:26:32,17.02,225,382950,1
14:26:29,17.01,84,142884,-1
14:26:26,17.02,10,17020,1
14:26:23,17.01,36,61236,-1
14:26:20,17.01,62,105462,0
14:26:17,17.0,219,372300,-1
14:26:14,17.0,42,71400,-1
14:26:11,17.0,69,117300,-1
14:26:08,17.0,151,256700,-1
14:26:05,17.0,482,819961,1
14:26:02,16.99,247,419652,-1
14:25:59,16.99,190,322809,-1
14:25:56,16.99,2962,5032438,-1
14:25:53,17.0,20,34000,1
14:25:50,16.99,2,3397,1
14:25:47,16.98,5,8490,-1
14:25:44,16.99,10,16990,-1
14:25:41,16.99,13,22086,1
14:25:38,16.99,6,10193,-1
14:25:35,16.99,10,16990,-1
14:25:32,16.99,21,35679,1
14:25:29,16.99,36,61163,1
14:25:26,16.99,73,124026,1
14:25:23,16.99,30,50969,1
14:25:20,16.99,41,69659,1
14:25:17,16.98,4,6792,-1
14:25:14,16.99,2,3397,1
14:25:11,16.99,479,813820,1
14:25:08,16.99,25,42474,1
14:25:05,16.98,89,151122,-1
14:25:02,16.98,19,32262,-1
14:24:59,16.98,26,44148,-1
14:24:56,16.99,74,125725,1
14:24:53,16.99,152,258247,1
14:24:50,16.98,15,25470,-1
14:24:47,16.99,3,5096,1
14:24:44,16.99,21,35679,1
14:24:41,16.98,55,93390,-1
14:24:38,16.99,62,105337,1
14:24:35,16.98,17,28866,-1
14:24:32,16.98,40,67920,-1
14:24:29,16.99,47,79852,1
14:24:26,16.98,668,1134264,1
14:24:23,16.98,4,6792,1
14:24:20,16.98,48,81504,-1
14:24:17,16.98,167,283566,1
14:24:14,16.96,5,8480,-1
14:24:11,16.98,4,6792,1
14:24:08,16.96,20,33920,-1
14:24:02,16.96,0,0,-1
14:23:59,16.96,18,30528,-1
14:23:56,16.98,14,23772,1
14:23:53,16.98,4,6792,1
14:23:47,16.98,10,16980,1
14:23:44,16.96,216,366336,-1
14:23:41,16.99,19,32280,1
14:23:38,16.98,565,959370,1
14:23:32,16.96,4,6784,-1
14:23:29,16.97,12,20364,1
14:23:26,16.96,14,23744,-1
14:23:23,16.97,24,40728,1
14:23:20,16.96,328,556288,-1
14:23:17,16.98,883,1499334,1
14:23:14,16.97,8,13576,0
14:23:11,16.98,495,840510,1
14:23:05,16.97,8,13576,1
14:23:02,16.97,63,106911,1
14:22:59,16.97,21,35637,-1
14:22:56,16.97,14,23758,-1
14:22:53,16.98,81,137538,1
14:22:50,16.97,21,35637,-1
14:22:47,16.97,22,37334,-1
14:22:44,16.98,57,96786,1
14:22:41,16.97,66,112001,-1
14:22:37,16.98,4,6792,1
14:22:35,16.98,18,30564,1
14:22:31,16.97,15,25455,-1
14:22:29,16.97,70,118789,-1
14:22:26,16.98,5,8490,1
14:22:23,16.97,206,349582,-1
14:22:19,16.98,30,50940,1
14:22:17,16.97,24,40728,-1
14:22:13,16.97,41,69577,-1
14:22:11,16.98,57,96786,1
14:22:07,16.98,79,134142,1
14:22:02,16.97,51,86547,-1
14:21:58,16.97,33,56000,-1
14:21:55,16.97,455,772135,-1
14:21:52,16.97,30,50910,-1
14:21:49,16.96,29,49184,1
14:21:46,16.98,441,748818,1
14:21:43,16.96,4,6784,1
14:21:40,16.98,0,0,1
14:21:37,16.98,502,852396,1
14:21:34,16.96,33,55968,1
14:21:31,16.95,15,25425,-1
14:21:28,16.96,11,18656,1
14:21:25,16.95,220,372900,-1
14:21:22,16.95,47,79665,-1
14:21:19,16.95,15,25425,-1
14:21:13,16.96,10,16960,1
14:21:10,16.96,4,6784,1
14:21:04,16.96,10,16960,1
14:21:01,16.95,59,100005,-1
14:20:58,16.96,77,130592,-1
14:20:55,16.97,9,15272,1
14:20:52,16.96,55,93280,-1
14:20:49,16.96,25,42400,-1
14:20:46,16.96,185,314964,1
14:20:43,16.96,61,103456,1
14:20:37,16.96,85,144160,1
14:20:34,16.96,51,86496,1
14:20:31,16.95,71,120836,-1
14:20:28,16.97,48,81456,1
14:20:25,16.96,241,408736,-1
14:20:22,16.96,129,218784,-1
14:20:19,16.96,506,858176,-1
14:20:16,16.97,25,42425,1
14:20:13,16.97,85,144245,1
14:20:10,16.96,60,101760,-1
14:20:07,16.97,1,1697,1
14:20:04,16.96,5,8480,-1
14:20:01,16.96,320,542720,-1
14:19:58,16.96,38,64448,-1
14:19:55,16.97,28,47516,1
14:19:52,16.96,71,120416,-1
14:19:49,16.97,85,144245,1
14:19:46,16.96,52,88192,-1
14:19:43,16.99,341,579359,1
14:19:40,16.97,30,50910,1
14:19:37,16.97,7,11879,1
14:19:34,16.97,47,79759,-1
14:19:31,16.98,56,95088,-1
14:19:28,16.98,166,281868,1
14:19:25,16.97,103,174791,-1
14:19:22,16.98,2,3396,1
14:19:19,16.98,485,823530,-1
14:19:16,16.98,10,16980,-1
14:19:13,16.99,230,390769,1
14:19:10,16.99,15,25484,1
14:19:07,16.99,26,44173,1
14:19:04,16.99,121,205578,1
14:19:01,16.99,64,108735,1
14:18:58,16.99,33,56066,1
14:18:55,17.0,114,193800,1
14:18:52,16.99,180,305820,-1
14:18:49,16.99,62,105337,-1
14:18:46,16.99,107,181792,-1
14:18:43,17.0,414,703800,1
14:18:40,16.99,15,25484,1
14:18:34,17.0,53,90100,1
14:18:31,16.99,103,174996,-1
14:18:28,16.99,69,117230,-1
14:18:25,16.99,27,45872,-1
14:18:22,16.99,79,134221,1
14:18:19,16.98,584,991632,-1
14:18:16,16.98,143,242814,-1
14:18:13,16.99,19,32280,1
14:18:10,16.99,45,76455,1
14:18:07,16.99,302,513097,1
14:18:04,16.99,64,108735,1
14:18:01,16.98,32,54336,-1
14:17:58,16.99,791,1343908,1
14:17:55,16.99,152,258247,1
14:17:52,16.99,25,42474,1
14:17:49,16.99,329,558971,1
14:17:46,16.98,352,597696,-1
14:17:43,16.98,402,682596,-1
14:17:40,16.99,32,54367,1
14:17:37,16.99,49,83250,1
14:17:34,16.98,27,45846,-1
14:17:31,16.99,55,93444,1
14:17:28,16.99,4040,6863959,1
14:17:25,16.96,32,54272,-1
14:17:22,16.96,772,1310516,1
14:17:19,16.96,438,742848,1
14:17:16,16.95,8,13560,-1
14:17:13,16.95,43,72885,1
14:17:10,16.94,20,33880,-1
14:17:07,16.96,650,1102976,1
14:17:04,16.94,448,758912,-1
14:17:01,16.94,14,23716,-1
14:16:58,16.95,6,10170,1
14:16:55,16.94,10,16940,-1
14:16:51,16.95,23,38985,1
14:16:49,16.94,18,30492,-1
14:16:46,16.95,77,130515,1
14:16:37,16.94,14,23716,-1
14:16:34,16.94,46,77924,1
14:16:30,16.93,10,16930,-1
14:16:25,16.93,0,0,-1
14:16:22,16.93,21,35553,-1
14:16:19,16.93,11,19113,-1
14:16:13,16.95,110,186450,1
14:16:10,16.94,1,1694,-1
14:16:06,16.94,36,60984,-1
14:16:03,16.95,17,28815,1
14:16:00,16.95,8,13560,1
14:15:57,16.95,40,67800,1
14:15:54,16.95,34,57630,1
14:15:48,16.94,32,54208,-1
14:15:45,16.95,4,6780,1
14:15:42,16.95,76,128820,1
14:15:36,16.95,12,20340,1
14:15:34,16.94,38,64372,-1
14:15:30,16.95,506,857670,1
14:15:27,16.95,7,11865,1
14:15:24,16.94,1,1694,-1
14:15:21,16.94,10,16940,-1
14:15:18,16.94,322,546670,1
14:15:15,16.93,14,23702,-1
14:15:12,16.94,456,772464,1
14:15:09,16.93,41,69413,1
14:15:06,16.93,14,23702,1
14:15:00,16.93,33,55869,1
14:14:54,16.92,60,101520,-1
14:14:51,16.93,4,6772,1
14:14:48,16.93,360,609480,1
14:14:41,16.91,29,49918,1
14:14:39,16.91,9,15219,1
14:14:36,16.91,5,8455,1
14:14:33,16.91,11,18601,1
14:14:27,16.91,20,33820,1
14:14:24,16.91,339,574060,-1
14:14:21,16.92,122,206424,1
14:14:18,16.91,24,40584,-1
14:14:15,16.92,7,11844,1
14:14:12,16.91,1,1691,-1
14:14:09,16.91,10,16910,-1
14:14:06,16.91,10,16910,-1
14:14:03,16.92,40,68559,1
14:14:00,16.91,16,27056,1
14:13:57,16.9,4,6759,-1
14:13:54,16.9,53,89569,1
14:13:51,16.9,11,18590,-1
14:13:48,16.91,336,568176,1
14:13:45,16.91,2,3382,1
14:13:42,16.9,10,16900,-1
14:13:39,16.9,9,15209,-1
14:13:35,16.91,14,23674,1
14:13:29,16.91,57,96387,1
14:13:24,16.9,52,87879,-1
14:13:21,16.91,4,6764,1
14:13:18,16.9,30,50699,-1
14:13:09,16.91,337,569867,1
14:13:06,16.9,61,103089,-1
14:13:03,16.9,13,21969,-1
14:12:59,16.9,11,18590,-1
14:12:57,16.9,15,25349,-1
14:12:54,16.91,4,6764,1
14:12:48,16.9,3,5070,-1
14:12:42,16.91,10,16910,1
14:12:39,16.9,19,32109,-1
14:12:36,16.91,4,6764,1
14:12:32,16.9,4,6759,-1
14:12:30,16.91,1,1691,1
14:12:27,16.9,72,121679,-1
14:12:24,16.9,15,25349,-1
14:12:21,16.91,4,6764,1
14:12:18,16.91,25,42275,1
14:12:06,16.91,7,11837,1
14:12:00,16.9,10,16900,-1
14:11:54,16.91,4,6764,1
14:11:50,16.9,6,10140,-1
14:11:47,16.9,11,18590,-1
14:11:44,16.9,45,76050,1
14:11:38,16.9,59,99709,1
14:11:35,16.9,11,18590,1
14:11:33,16.9,10,16900,1
14:11:30,16.9,12,20280,1
14:11:26,16.89,20,33780,-1
14:11:24,16.9,9,15209,1
14:11:21,16.9,10,16900,1
14:11:14,16.89,23,38847,-1
14:11:08,16.9,4,6759,1
14:10:56,16.9,194,327860,1
14:10:54,16.9,37,62529,1
14:10:50,16.9,31,52389,1
14:10:39,16.89,4,6756,-1
14:10:36,16.9,149,251809,1
14:10:30,16.88,3,5064,-1
14:10:23,16.89,4,6756,1
14:10:11,16.89,14,23646,-1
14:10:08,16.9,105,177449,1
14:10:05,16.89,236,398604,-1
14:10:02,16.89,33,55737,-1
14:09:57,16.9,16,27039,1
14:09:53,16.9,7,11829,1
14:09:50,16.9,9,15209,1
14:09:47,16.9,65,109849,-1
14:09:42,16.91,6,10146,1
14:09:35,16.91,40,67640,1
14:09:32,16.91,17,28747,1
14:09:26,16.9,18,30419,-1
14:09:23,16.9,55,92949,-1
14:09:20,16.9,13,21969,-1
14:09:18,16.9,9,15209,-1
14:09:14,16.91,69,116679,1
14:09:11,16.9,10,16900,-1
14:09:08,16.91,18,30438,1
14:09:02,16.91,7,11837,1
14:08:56,16.91,7,11837,1
14:08:53,16.9,7,11829,-1
14:08:50,16.91,140,236740,-1
14:08:47,16.91,6,10146,-1
14:08:44,16.91,11,18601,-1
14:08:41,16.91,70,118370,-1
14:08:38,16.92,4,6768,1
14:08:35,16.92,19,32148,1
14:08:32,16.91,34,57494,-1
14:08:29,16.92,11,18612,1
14:08:26,16.92,4,6768,1
14:08:23,16.91,10,16910,-1
14:08:20,16.91,10,16910,-1
14:08:14,16.91,7,11837,-1
14:08:11,16.92,4,6768,1
14:08:05,16.91,185,312835,1
14:08:02,16.9,3,5070,1
14:07:59,16.9,1,1689,1
14:07:56,16.9,4,6759,1
14:07:50,16.9,70,118299,-1
14:07:47,16.9,9,15209,-1
14:07:44,16.91,7,11837,1
14:07:41,16.92,0,0,1
14:07:38,16.92,15,25380,1
14:07:35,16.9,2,3379,-1
14:07:32,16.9,12,20280,-1
14:07:29,16.92,14,23688,1
14:07:26,16.92,501,847692,1
14:07:23,16.91,10,16910,-1
14:07:17,16.91,425,718675,1
14:07:11,16.89,16,27024,-1
14:07:08,16.9,1,1689,1
14:07:05,16.9,2,3379,1
14:07:02,16.9,4,6759,1
14:06:59,16.9,62,104779,1
14:06:56,16.9,3,5070,1
14:06:53,16.89,15,25335,-1
14:06:50,16.9,34,57459,1
14:06:44,16.89,100,168900,-1
14:06:41,16.89,5,8445,-1
14:06:38,16.9,20,33800,1
14:06:32,16.9,19,32109,1
14:06:26,16.89,8,13512,-1
14:06:23,16.9,39,65910,1
14:06:20,16.9,55,92949,1
14:06:17,16.89,1,1689,-1
14:06:14,16.9,4,6759,1
14:06:11,16.89,10,16890,-1
14:06:08,16.9,32,54079,1
14:06:05,16.9,5,8450,1
14:06:02,16.89,20,33780,-1
14:05:59,16.9,5,8450,1
14:05:56,16.89,87,146943,-1
14:05:53,16.9,21,35490,1
14:05:50,16.89,41,69249,-1
14:05:47,16.89,10,16890,-1
14:05:44,16.9,4,6759,1
14:05:41,16.89,5,8445,-1
14:05:35,16.89,16,27024,-1
14:05:32,16.89,11,18579,-1
14:05:29,16.9,4,6759,1
14:05:26,16.89,9,15201,-1
14:05:23,16.89,12,20268,-1
14:05:20,16.89,2,3378,-1
14:05:17,16.89,5,8445,-1
14:05:14,16.89,10,16890,-1
14:05:11,16.89,154,260106,1
14:05:08,16.89,5,8445,1
14:05:05,16.88,5,8440,-1
14:05:02,16.89,5,8445,1
14:04:59,16.89,44,74316,-1
14:04:56,16.88,0,0,-1
14:04:53,16.88,50,84400,-1
14:04:47,16.89,42,70938,1
14:04:44,16.89,4,6756,1
14:04:38,16.89,11,18579,1
14:04:35,16.89,30,50670,-1
14:04:31,16.89,48,81072,1
14:04:29,16.89,4,6756,1
14:04:26,16.89,14,23646,-1
14:04:23,16.89,20,33780,-1
14:04:17,16.89,2,3378,-1
14:04:14,16.89,14,23646,-1
14:04:11,16.89,5,8445,-1
14:04:05,16.91,0,0,1
14:04:02,16.91,102,172482,1
14:03:53,16.89,20,33780,-1
14:03:50,16.9,12,20280,1
14:03:47,16.9,9,15209,-1
14:03:40,16.9,3,5070,-1
14:03:31,16.91,16,27056,1
14:03:26,16.9,4,6759,-1
14:03:23,16.92,7,11844,1
14:03:19,16.92,4,6768,1
14:03:16,16.92,14,23688,1
14:03:13,16.92,93,157356,1
14:03:10,16.91,25,42275,-1
14:03:01,16.91,455,769405,-1
14:02:58,16.92,4,6768,1
14:02:55,16.92,44,74938,-1
14:02:52,16.92,14,23688,-1
14:02:49,16.92,8,13536,-1
14:02:46,16.92,3,6277,1
14:02:43,16.92,26,43992,1
14:02:40,16.91,30,50730,-1
14:02:37,16.92,5,8460,1
14:02:34,16.92,32,54634,-1
14:02:31,16.93,282,478628,1
14:02:28,16.92,185,314542,-1
14:02:25,16.92,106,179352,-1
14:02:22,16.92,60,101520,-1
14:02:19,16.92,8,13536,-1
14:02:16,16.93,5,8465,1
14:02:13,16.93,115,194695,1
14:02:10,16.92,127,215053,1
14:02:07,16.92,4,6768,1
14:02:01,16.92,24,40608,1
14:01:58,16.92,38,65429,-1
14:01:55,16.92,68,115056,-1
14:01:52,16.92,7,11844,-1
14:01:49,16.93,58,98194,1
14:01:46,16.93,9,15237,1
14:01:43,16.92,2,3384,-1
14:01:40,16.93,115,194695,1
14:01:37,16.92,33,55836,-1
14:01:34,16.92,14,23688,-1
14:01:31,16.92,10,16920,-1
14:01:28,16.92,86,145512,-1
14:01:22,16.92,1,1692,-1
14:01:19,16.93,11,18623,1
14:01:16,16.92,5,8460,-1
14:01:13,16.93,204,345372,1
14:01:10,16.92,664,1124046,1
14:01:07,16.89,1,1689,1
14:00:58,16.89,14,23646,0
14:00:55,16.9,7,11829,1
14:00:52,16.89,7,11823,-1
14:00:49,16.89,29,48981,-1
14:00:46,16.9,4,6759,1
14:00:43,16.9,7,11829,1
14:00:40,16.9,15,25349,1
14:00:37,16.89,3,5067,-1
14:00:34,16.9,1,1689,1
14:00:31,16.89,95,160455,-1
14:00:28,16.9,228,385319,1
14:00:25,16.89,16,27024,-1
14:00:22,16.89,242,408738,-1
14:00:19,16.89,527,890103,-1
14:00:16,16.89,5,8445,-1
14:00:10,16.89,1,1689,-1
14:00:07,16.9,20,33800,1
14:00:04,16.9,32,54079,1
14:00:01,16.89,449,758361,1
13:59:58,16.88,30,50640,-1
13:59:55,16.89,8,13512,1
13:59:49,16.89,9,15201,1
13:59:46,16.88,10,16880,-1
13:59:43,16.89,33,55737,1
13:59:37,16.88,12,20256,-1
13:59:34,16.89,20,33780,1
13:59:28,16.89,6,10134,1
13:59:25,16.88,8,13504,-1
13:59:19,16.88,11,18568,1
13:59:16,16.88,57,96216,1
13:59:07,16.87,97,163639,-1
13:59:04,16.87,518,873866,-1
13:59:01,16.88,4,6752,1
13:58:55,16.87,20,33740,-1
13:58:52,16.87,50,84350,-1
13:58:46,16.88,428,722464,1
13:58:34,16.85,29,48865,-1
13:58:28,16.85,11,18535,-1
13:58:19,16.86,4,6744,1
13:58:07,16.86,3,5058,-1
13:58:04,16.87,6,10122,1
13:58:01,16.86,10,16860,-1
13:57:58,16.86,7,11802,1
13:57:55,16.86,4,6744,1
13:57:49,16.86,12,20232,-1
13:57:46,16.87,4,6748,1
13:57:43,16.86,14,23604,1
13:57:40,16.86,58,97788,1
13:57:34,16.86,18,30348,1
13:57:31,16.86,4,6744,1
13:57:27,16.85,10,16850,-1
13:57:19,16.85,239,402715,1
13:57:16,16.85,23,38755,1
13:57:07,16.84,19,31996,-1
13:57:03,16.85,4,6740,1
13:56:57,16.84,5,8420,-1
13:56:55,16.85,7,11795,1
13:56:52,16.84,91,153244,1
13:56:49,16.84,10,16840,1
13:56:45,16.84,14,23576,1
13:56:38,16.84,20,33680,1
13:56:35,16.84,6,10104,1
13:56:30,16.83,10,16830,-1
13:56:26,16.83,5,8415,-1
13:56:24,16.83,7,11780,-1
13:56:21,16.84,4,6736,1
13:56:15,16.83,42,70686,-1
13:56:08,16.83,181,304622,1
13:56:02,16.83,9,15146,1
13:55:59,16.82,25,42050,-1
13:55:53,16.82,8,13456,-1
13:55:50,16.82,9,15138,-1
13:55:47,16.82,4,6728,-1
13:55:41,16.82,8,13456,-1
13:55:35,16.82,6,10092,-1
13:55:32,16.82,1,1682,-1
13:55:29,16.82,5,8410,-1
13:55:26,16.82,28,47096,-1
13:55:23,16.83,8,13463,1
13:55:20,16.82,5,8410,-1
13:55:17,16.82,3,5046,-1
13:55:14,16.82,15,25230,-1
13:55:08,16.83,6,10097,1
13:54:59,16.83,29,48806,1
13:54:56,16.82,20,33640,-1
13:54:53,16.83,5,8415,1
13:54:50,16.83,19,31976,1
13:54:41,16.83,15,25244,1
13:54:38,16.83,4,6731,1
13:54:29,16.82,83,139606,1
13:54:26,16.82,42,70644,1
13:54:20,16.82,4,6728,1
13:54:14,16.82,1,1682,1
13:54:08,16.83,0,0,1
13:54:05,16.83,32,53855,1
13:54:02,16.82,6,10092,1
13:53:56,16.82,60,100920,-1
13:53:53,16.83,37,62270,1
13:53:50,16.83,4,6731,1
13:53:44,16.82,20,33640,-1
13:53:41,16.82,12,20184,-1
13:53:35,16.83,14,23561,1
13:53:32,16.82,10,16820,-1
13:53:26,16.82,50,84100,-1
13:53:23,16.83,14,23561,1
13:53:20,16.83,10,16830,1
13:53:17,16.83,70,117809,-1
13:53:14,16.83,35,58904,-1
13:53:11,16.83,1,1682,-1
13:53:08,16.84,4,6736,1
13:53:05,16.83,183,307988,-1
13:53:02,16.83,40,67320,-1
13:52:59,16.83,140,235619,1
13:52:53,16.83,14,23561,1
13:52:50,16.82,10,16820,-1
13:52:47,16.82,12,20184,-1
13:52:41,16.83,33,55538,1
13:52:35,16.83,4,6731,1
13:52:26,16.83,3,5048,1
13:52:23,16.83,70,117809,-1
13:52:20,16.84,6,10104,1
13:52:17,16.84,12,20208,1
13:52:08,16.84,4,6736,1
13:51:53,16.84,17,28628,-1
13:51:50,16.85,1,1685,1
13:51:47,16.84,10,16840,-1
13:51:44,16.85,8,13480,1
13:51:41,16.85,39,65715,1
13:51:38,16.85,19,32015,1
13:51:35,16.85,10,16850,-1
13:51:32,16.86,22,37092,1
13:51:26,16.85,19,32015,-1
13:51:23,16.85,10,16850,-1
13:51:20,16.86,3,5058,1
13:51:17,16.85,3,5055,-1
13:51:14,16.86,10,16860,1
13:51:11,16.86,212,357432,-1
13:51:08,16.86,51,85986,-1
13:51:05,16.86,300,505800,-1
13:50:56,16.86,25,42150,-1
13:50:53,16.86,96,161856,-1
13:50:50,16.87,84,141708,1
13:50:47,16.86,52,87672,-1
13:50:41,16.86,86,144996,-1
13:50:38,16.87,34,57358,1
13:50:35,16.86,20,33720,-1
13:50:32,16.87,7,11809,1
13:50:26,16.86,2,3372,-1
13:50:23,16.87,4,6748,1
13:50:20,16.87,3,5061,1
13:50:17,16.88,38,64143,1
13:50:14,16.87,240,404880,-1
13:50:08,16.88,11,18568,1
13:50:05,16.87,10,16870,-1
13:50:02,16.88,1,1688,1
13:49:59,16.88,8,13504,1
13:49:56,16.88,25,42200,1
13:49:50,16.88,3,5064,1
13:49:47,16.88,38,64143,1
13:49:41,16.88,104,175552,1
13:49:35,16.88,26,43888,1
13:49:32,16.88,20,33760,1
13:49:29,16.88,11,18568,-1
13:49:26,16.89,9,15201,1
13:49:23,16.88,50,84400,-1
13:49:20,16.88,158,266704,1
13:49:17,16.88,14,23632,1
13:49:14,16.88,14,23632,1
13:49:08,16.88,130,219440,1
13:49:05,16.88,218,367984,-1
13:49:02,16.89,50,84450,1
13:48:59,16.88,1,1688,-1
13:48:56,16.88,5,8440,-1
13:48:53,16.89,14,23646,1
13:48:50,16.88,2,3376,-1
13:48:47,16.88,324,546912,1
13:48:41,16.86,12,20232,-1
13:48:38,16.87,4,6748,-1
13:48:32,16.87,10,16870,-1
13:48:29,16.87,27,45549,1
13:48:26,16.87,4,6748,1
13:48:23,16.87,94,158578,1
13:48:17,16.86,4,6744,-1
13:48:11,16.87,4,6748,1
13:48:08,16.86,119,200634,-1
13:48:05,16.86,146,246156,1
13:48:02,16.86,46,77556,1
13:47:59,16.86,28,47208,1
13:47:56,16.86,77,129822,1
13:47:53,16.85,17,28645,-1
13:47:50,16.85,30,50550,-1
13:47:44,16.86,4,6744,1
13:47:41,16.85,10,16850,-1
13:47:35,16.86,48,80928,1
13:47:32,16.86,20,33720,1
13:47:29,16.85,2,3370,-1
13:47:26,16.85,35,58975,-1
13:47:23,16.86,34,57324,1
13:47:20,16.85,1,1685,-1
13:47:17,16.85,20,33700,-1
13:47:14,16.85,40,68074,-1
13:47:11,16.86,104,175344,1
13:47:08,16.85,100,168500,-1
13:47:05,16.85,122,205570,1
13:47:02,16.85,6,10110,1
13:46:59,16.85,26,43810,1
13:46:55,16.85,4,6740,1
13:46:50,16.85,54,90990,1
13:46:47,16.84,8,13472,-1
13:46:41,16.85,9,15165,1
13:46:38,16.85,40,67400,1
13:46:32,16.85,130,219050,1
13:46:29,16.85,41,69085,1
13:46:23,16.85,1,1685,1
13:46:20,16.84,31,52204,-1
13:46:17,16.84,12,20208,-1
13:46:14,16.85,4,6740,1
13:46:11,16.85,3,5055,1
13:46:08,16.84,75,126300,-1
13:46:05,16.84,24,40416,-1
13:45:59,16.84,72,121248,1
13:45:56,16.83,10,16830,-1
13:45:53,16.83,6,10097,-1
13:45:47,16.84,300,505200,1
13:45:44,16.82,25,42050,-1
13:45:41,16.83,4,6731,1
13:45:35,16.82,30,50460,-1
13:45:32,16.82,1,1682,-1
13:45:29,16.82,9,15138,1
13:45:26,16.82,14,23548,1
13:45:23,16.81,100,168100,-1
13:45:14,16.83,4,6731,1
13:45:11,16.83,84,141372,1
13:45:08,16.82,3,5046,-1
13:45:05,16.82,17,28594,-1
13:44:58,16.83,4,6731,1
13:44:53,16.81,0,0,-1
13:44:50,16.81,4,6723,-1
13:44:44,16.83,4,6731,1
13:44:41,16.81,3,5043,-1
13:44:37,16.81,66,110945,1
13:44:31,16.81,59,99178,-1
13:44:28,16.81,19,31938,-1
13:44:26,16.81,20,33620,-1
13:44:22,16.81,18,30257,-1
13:44:20,16.81,22,36982,-1
13:44:17,16.82,4,6728,1
13:44:14,16.81,4,6723,1
13:44:11,16.8,3,5040,-1
13:44:04,16.8,5,8400,-1
13:43:59,16.8,45,75600,1
13:43:56,16.79,2,3358,-1
13:43:49,16.8,9,15120,-1
13:43:46,16.81,5,8405,-1
13:43:43,16.81,54,90774,-1
13:43:40,16.81,5,8405,1
13:43:37,16.8,70,117600,-1
13:43:34,16.8,6,10080,-1
13:43:32,16.8,7,11760,-1
13:43:19,16.81,14,23534,-1
13:43:16,16.82,5,8410,-1
13:43:14,16.82,72,121104,1
13:43:10,16.81,4,6723,1
13:43:04,16.82,0,0,1
13:43:02,16.82,20,33640,1
13:42:58,16.82,20,33640,1
13:42:55,16.81,25,42025,-1
13:42:49,16.81,9,15128,-1
13:42:43,16.81,24,40344,-1
13:42:37,16.82,5,8410,1
13:42:31,16.82,36,60552,-1
13:42:28,16.82,3,5046,-1
13:42:19,16.83,6,10097,1
13:42:16,16.82,34,57188,-1
13:42:13,16.83,20,33660,1
13:42:07,16.82,5,8410,-1
13:42:04,16.83,20,33660,1
13:42:01,16.83,5,8415,1
13:41:58,16.82,55,92510,-1
13:41:52,16.82,6,10092,-1
13:41:49,16.83,15,25244,1
13:41:43,16.83,5,8415,1
13:41:40,16.83,6,10097,-1
13:41:37,16.83,10,16830,-1
13:41:34,16.83,54,90881,-1
13:41:31,16.83,15,25244,-1
13:41:25,16.83,33,55538,-1
13:41:22,16.83,5,8415,-1
13:41:19,16.84,82,138088,1
13:41:13,16.83,91,153152,1
13:41:10,16.83,3,5048,1
13:41:07,16.83,14,23561,1
13:41:04,16.83,64,107711,1
13:41:01,16.83,2,3365,1
13:40:58,16.82,31,52142,-1
13:40:55,16.82,1,1682,-1
13:40:52,16.83,4,6731,1
13:40:49,16.82,6,10092,-1
13:40:43,16.82,63,105966,-1
13:40:40,16.82,2,3364,-1
13:40:37,16.82,35,58870,-1
13:40:34,16.83,4,6731,1
13:40:31,16.82,8,13456,-1
13:40:28,16.82,6,10092,-1
13:40:25,16.82,103,173246,-1
13:40:22,16.82,110,185020,1
13:40:19,16.82,20,33640,1
13:40:16,16.81,16,26895,-1
13:40:13,16.81,7,11767,-1
13:40:10,16.81,32,53791,-1
13:40:07,16.81,3,5043,-1
13:40:04,16.81,6,10086,-1
13:40:01,16.82,15,25230,1
13:39:58,16.81,21,35301,-1
13:39:55,16.82,2,3364,1
13:39:52,16.81,5,8405,-1
13:39:49,16.81,4,6723,-1
13:39:43,16.82,4,6728,1
13:39:37,16.81,11,18491,-1
13:39:31,16.81,43,72283,1
13:39:28,16.81,604,1015323,1
13:39:22,16.8,24,40320,-1
13:39:19,16.81,163,274003,1
13:39:16,16.81,20,33620,1
13:39:13,16.81,28,47068,1
13:39:10,16.8,1,1680,-1
13:39:07,16.8,9,15120,-1
13:39:04,16.81,59,99178,1
13:39:01,16.81,18,30257,1
13:38:58,16.8,53,89040,-1
13:38:52,16.81,10,16810,1
13:38:49,16.8,6,10080,-1
13:38:43,16.8,235,394800,-1
13:38:40,16.81,34,57153,1
13:38:34,16.81,61,102540,1
13:38:31,16.8,20,33600,-1
13:38:28,16.8,18,30240,-1
13:38:25,16.8,1,1680,-1
13:38:22,16.81,32,53791,1
13:38:19,16.8,5,8400,-1
13:38:16,16.8,27,45360,-1
13:38:13,16.8,26,43680,1
13:38:10,16.79,22,36938,-1
13:38:07,16.8,28,47040,1
13:38:04,16.8,27,45360,1
13:38:01,16.79,17,28543,-1
13:37:55,16.8,37,62160,1
13:37:51,16.79,7,11753,-1
13:37:48,16.8,26,43680,1
13:37:46,16.79,36,60444,-1
13:37:43,16.79,89,149431,-1
13:37:39,16.79,172,289728,1
13:37:36,16.79,12,20148,1
13:37:31,16.78,87,145986,-1
13:37:27,16.79,5,8395,1
13:37:24,16.79,5,8395,1
13:37:18,16.78,15,25170,-1
13:37:15,16.78,4,6712,-1
13:37:12,16.79,65,109135,1
13:37:05,16.76,27,45252,-1
13:37:03,16.77,1,1677,-1
13:37:00,16.77,15,25155,-1
13:36:57,16.78,9,15102,1
13:36:55,16.77,90,150930,1
13:36:51,16.76,147,246372,-1
13:36:48,16.77,29,48633,1
13:36:45,16.76,28,46928,-1
13:36:43,16.77,4,6708,1
13:36:36,16.77,45,75465,-1
13:36:32,16.77,3,5031,-1
13:36:30,16.77,122,204594,-1
13:36:24,16.77,21,35217,-1
13:36:20,16.77,37,62049,1
13:36:19,16.77,44,73788,1
13:36:15,16.76,108,181008,-1
13:36:12,16.78,8,13424,1
13:36:08,16.78,59,99002,1
13:36:05,16.77,30,50310,1
13:36:04,16.77,132,221364,-1
13:36:01,16.78,63,105714,1
13:35:56,16.77,38,63726,-1
13:35:54,16.78,95,159410,1
13:35:50,16.78,10,16780,1
13:35:47,16.78,31,52018,1
13:35:44,16.78,47,78866,-1
13:35:41,16.79,16,26864,1
13:35:38,16.78,8,13424,-1
13:35:35,16.79,4,6716,1
13:35:32,16.78,29,48662,-1
13:35:29,16.78,20,33560,-1
13:35:23,16.79,6,10074,1
13:35:20,16.79,436,732782,-1
13:35:17,16.8,50,84000,-1
13:35:14,16.81,31,52110,-1
13:35:11,16.81,3,5043,-1
13:35:08,16.81,50,84050,-1
13:35:05,16.81,5,8405,-1
13:35:02,16.82,4,6728,1
13:34:59,16.81,5,8405,-1
13:34:56,16.81,10,16810,-1
13:34:53,16.81,31,52110,-1
13:34:50,16.81,30,50429,-1
13:34:47,16.81,15,25214,-1
13:34:44,16.82,60,100920,1
13:34:41,16.82,10,16820,1
13:34:38,16.81,15,25214,-1
13:34:32,16.83,5,8415,1
13:34:29,16.83,4,6731,1
13:34:26,16.81,23,38663,-1
13:34:20,16.82,51,85782,-1
13:34:17,16.84,80,134720,-1
13:34:14,16.84,85,143140,-1
13:34:11,16.84,5,8420,-1
13:34:08,16.84,9,15156,-1
13:34:05,16.84,12,20208,-1
13:34:02,16.84,39,65676,-1
13:33:59,16.84,18,30312,-1
13:33:56,16.84,164,276176,1
13:33:53,16.82,21,35322,1
13:33:50,16.8,15,25200,-1
13:33:47,16.83,19,31976,-1
13:33:44,16.83,11,18512,-1
13:33:41,16.83,14,23561,-1
13:33:35,16.83,45,75734,1
13:33:32,16.83,0,0,1
13:33:29,16.83,8,13463,-1
13:33:26,16.85,300,505500,1
13:33:23,16.83,27,45440,0
13:33:20,16.8,979,1644720,-1
13:33:17,16.83,11,18512,-1
13:33:14,16.84,23,38732,1
13:33:11,16.83,33,55538,-1
13:33:05,16.83,4,6731,-1
13:33:02,16.84,17,28628,1
13:32:59,16.84,90,151560,1
13:32:56,16.83,3,5048,-1
13:32:53,16.83,224,376991,-1
13:32:50,16.84,9,15156,1
13:32:47,16.83,30,50489,-1
13:32:44,16.85,22,37070,1
13:32:41,16.84,51,85884,1
13:32:38,16.83,15,25244,-1
13:32:32,16.84,19,31996,1
13:32:29,16.83,87,146420,-1
13:32:20,16.84,12,20208,-1
13:32:17,16.86,20,33720,1
13:32:14,16.86,4,6744,1
13:32:05,16.86,53,89358,-1
13:32:02,16.86,76,128136,-1
13:31:59,16.87,4,6748,1
13:31:56,16.86,32,53952,-1
13:31:53,16.86,23,38778,-1
13:31:50,16.86,160,270704,1
13:31:44,16.84,4,6736,1
13:31:41,16.84,3,5052,1
13:31:32,16.84,6,10104,1
13:31:29,16.84,222,375077,-1
13:31:26,16.85,14,23590,-1
13:31:23,16.85,10,16850,-1
13:31:20,16.87,20,33740,1
13:31:17,16.87,203,342461,1
13:31:14,16.85,3,5055,-1
13:31:11,16.86,50,84300,1
13:31:08,16.85,265,446979,-1
13:31:02,16.86,139,234354,-1
13:30:59,16.86,10,16860,-1
13:30:56,16.87,29,48923,1
13:30:53,16.87,9,15183,1
13:30:50,16.86,4,6744,-1
13:30:47,16.86,250,421500,-1
13:30:44,16.86,4,6744,-1
13:30:32,16.87,69,116403,1
13:30:26,16.86,33,55638,-1
13:30:23,16.86,166,279876,1
13:30:20,16.86,4,6744,1
13:30:17,16.86,72,121392,1
13:30:11,16.86,1,1686,1
13:30:08,16.86,5,8430,1
13:30:05,16.86,9,15174,1
13:30:02,16.86,34,57324,-1
13:29:59,16.86,15,25290,-1
13:29:56,16.86,4,6744,-1
13:29:53,16.86,6,10116,-1
13:29:50,16.86,5,8430,-1
13:29:44,16.86,15,25290,-1
13:29:41,16.86,2,3372,-1
13:29:38,16.86,10,16860,-1
13:29:35,16.86,3,5058,-1
13:29:32,16.86,1,1686,-1
13:29:29,16.87,5,8435,1
13:29:26,16.86,2,3372,-1
13:29:23,16.86,15,25290,-1
13:29:20,16.86,8,13488,-1
13:29:14,16.87,4,6748,1
13:29:11,16.86,90,151740,-1
13:29:08,16.86,6,10116,-1
13:29:02,16.86,1,1686,-1
13:28:59,16.86,20,33720,-1
13:28:53,16.86,29,48894,-1
13:28:50,16.87,14,23618,1
13:28:44,16.87,0,0,0
13:28:41,16.87,55,92785,1
13:28:38,16.87,14,23618,-1
13:28:35,16.88,19,32071,1
13:28:29,16.87,27,45549,-1
13:28:26,16.87,23,38801,-1
13:28:23,16.87,14,23618,-1
13:28:20,16.87,6,10122,-1
13:28:17,16.87,58,97846,1
13:28:14,16.86,7,11802,-1
13:28:11,16.86,16,26976,-1
13:28:08,16.87,46,77602,-1
13:28:05,16.87,29,48923,1
13:28:02,16.86,21,35406,1
13:27:59,16.86,131,220866,-1
13:27:56,16.86,6,10116,-1
13:27:50,16.87,4,6748,1
13:27:47,16.87,0,0,0
13:27:44,16.87,3,5061,-1
13:27:41,16.87,14,23618,1
13:27:38,16.87,8,13496,1
13:27:35,16.86,36,60696,-1
13:27:32,16.87,4,6748,1
13:27:29,16.87,2,3374,1
13:27:26,16.86,6,10116,-1
13:27:23,16.88,0,0,1
13:27:17,16.88,0,0,1
13:27:14,16.88,4,6752,1
13:27:11,16.85,21,35385,-1
13:27:08,16.86,3,5058,-1
13:27:05,16.86,74,124764,0
13:26:59,16.85,11,18535,-1
13:26:56,16.86,50,84300,1
13:26:50,16.86,25,42150,-1
13:26:44,16.87,7,11809,1
13:26:41,16.87,10,16870,1
13:26:35,16.86,60,101160,-1
13:26:31,16.86,1,1686,-1
13:26:29,16.86,6,10116,-1
13:26:26,16.86,3,5058,1
13:26:23,16.88,44,74272,1
13:26:20,16.86,7,11802,1
13:26:17,16.85,19,32015,-1
13:26:14,16.86,4,6744,1
13:26:10,16.85,6,10110,-1
13:26:07,16.86,4,6744,1
13:26:05,16.86,10,16860,1
13:26:01,16.86,21,35406,-1
13:25:58,16.86,32,53952,-1
13:25:53,16.89,4,6756,1
13:25:50,16.86,10,16860,-1
13:25:47,16.89,90,152010,-1
13:25:44,16.89,21,35469,1
13:25:41,16.89,59,99651,1
13:25:38,16.89,0,0,1
13:25:34,16.89,10,16890,1
13:25:31,16.89,8,13512,1
13:25:29,16.84,6,10104,-1
13:25:26,16.89,6,10134,1
13:25:19,16.89,7,11823,1
13:25:17,16.85,701,1181185,-1
13:25:11,16.88,26,43888,-1
13:25:08,16.89,2,3378,1
13:25:04,16.88,10,16880,-1
13:25:01,16.89,4,6756,1
13:24:59,16.88,16,27008,-1
13:24:56,16.89,9,15201,-1
13:24:52,16.89,125,211125,-1
13:24:49,16.89,6,10134,-1
13:24:46,16.9,79,133510,1
13:24:43,16.9,4,6759,1
13:24:37,16.9,17,28729,1
13:24:31,16.9,1,1689,1
13:24:28,16.9,60,101399,-1
13:24:26,16.9,40,67600,-1
13:24:22,16.9,3,5070,-1
13:24:19,16.91,3,5073,1
13:24:16,16.9,20,33800,-1
13:24:13,16.91,20,33820,1
13:24:10,16.9,13,21969,-1
13:24:07,16.9,21,35490,-1
13:24:04,16.9,47,79430,-1
13:24:01,16.9,43,72670,-1
13:23:58,16.9,562,949779,-1
13:23:55,16.91,215,363565,1
13:23:50,16.91,71,120061,1
13:23:46,16.91,155,262105,1
13:23:43,16.9,26,43939,-1
13:23:37,16.91,11,18601,1
13:23:34,16.9,7,11829,-1
13:23:31,16.9,2,3379,-1
13:23:28,16.9,223,377799,1
13:23:26,16.89,10,16890,0
13:23:22,16.88,20,33760,-1
13:23:19,16.9,29,49009,1
13:23:16,16.89,9,15201,-1
13:23:13,16.89,8,13512,-1
13:23:10,16.89,152,256728,1
13:23:07,16.88,35,59080,-1
13:23:04,16.88,6,10128,-1
13:23:01,16.89,4,6756,1
13:22:58,16.89,6,10134,1
13:22:55,16.88,46,77648,-1
13:22:49,16.88,10,16880,-1
13:22:46,16.88,183,308904,-1
13:22:43,16.9,39,65910,1
13:22:40,16.89,96,162144,1
13:22:37,16.9,108,182519,1
13:22:34,16.88,21,35448,-1
13:22:31,16.88,40,67520,-1
13:22:28,16.9,42,70980,1
13:22:25,16.89,37,62493,-1
13:22:19,16.89,5,8445,-1
13:22:16,16.89,6,10134,-1
13:22:13,16.89,167,282063,1
13:22:10,16.89,28,47292,1
13:22:07,16.88,28,47264,-1
13:22:04,16.88,138,232944,-1
13:22:01,16.88,1,1688,-1
13:21:58,16.88,10,16880,-1
13:21:55,16.88,6,10128,1
13:21:52,16.88,59,99592,1
13:21:49,16.88,50,84400,-1
13:21:46,16.88,29,48952,-1
13:21:43,16.88,3,5064,-1
13:21:40,16.89,4,6756,1
13:21:37,16.88,4,6752,-1
13:21:34,16.89,3,5067,1
13:21:28,16.88,27,45576,-1
13:21:25,16.9,144,243359,1
13:21:22,16.88,15,25320,-1
13:21:19,16.89,34,57426,-1
13:21:16,16.9,15,25349,1
13:21:13,16.89,40,67560,-1
13:21:10,16.9,187,316030,1
13:21:07,16.9,5,8450,1
13:21:04,16.89,5,8445,-1
13:20:58,16.9,17,28729,-1
13:20:55,16.9,176,297440,-1
13:20:52,16.91,4,6764,1
13:20:49,16.91,34,57494,1
13:20:46,16.91,36,60876,-1
13:20:43,16.91,4,6764,-1
13:20:40,16.91,10,16910,-1
13:20:37,16.92,34,57528,1
13:20:34,16.92,48,81216,1
13:20:31,16.92,74,125208,1
13:20:28,16.91,65,109915,-1
13:20:25,16.91,52,87932,-1
13:20:19,16.91,10,16910,-1
13:20:16,16.92,41,69372,1
13:20:13,16.91,12,20292,-1
13:20:10,16.91,25,42275,-1
13:20:07,16.91,3,5073,-1
13:20:04,16.91,1,1691,-1
13:20:01,16.92,64,108288,1
13:19:58,16.91,18,30438,-1
13:19:55,16.91,25,42275,-1
13:19:52,16.91,85,143735,-1
13:19:46,16.91,2,3382,-1
13:19:40,16.92,4,6768,1
13:19:34,16.91,16,27056,-1
13:19:28,16.92,265,448380,-1
13:19:25,16.93,5,8465,1
13:19:22,16.92,21,35532,-1
13:19:19,16.93,2,3386,1
13:19:16,16.93,123,208899,-1
13:19:12,16.94,1,1694,1
13:19:10,16.94,4,6776,1
13:19:06,16.94,37,62678,1
13:19:03,16.94,1,1694,1
13:19:01,16.94,55,93170,-1
13:18:58,16.94,26,44044,-1
13:18:54,16.94,20,33880,-1
13:18:52,16.94,75,127050,-1
13:18:48,16.94,140,237160,-1
13:18:46,16.95,324,549180,1
13:18:43,16.94,76,128744,-1
13:18:40,16.94,32,54208,-1
13:18:36,16.94,30,50820,-1
13:18:30,16.94,53,89782,-1
13:18:28,16.95,19,32205,1
13:18:25,16.94,23,38962,0
13:18:22,16.95,67,113565,1
13:18:18,16.94,10,16940,1
13:18:15,16.94,4,6776,1
13:18:12,16.94,4,6776,1
13:18:10,16.93,0,0,-1
13:18:07,16.93,107,181912,-1
13:18:03,16.95,50,84750,-1
13:18:00,16.95,55,94157,1
13:17:58,16.94,36,60984,-1
13:17:54,16.94,23,38962,0
13:17:52,16.93,783,1325619,-1
13:17:48,16.94,11,18634,-1
13:17:43,16.94,22,37268,1
13:17:39,16.95,31,52545,1
13:17:36,16.94,21,35574,-1
13:17:33,16.94,202,343221,-1
13:17:30,16.95,9,15255,1
13:17:27,16.94,7,11858,1
13:17:24,16.94,10,16940,0
13:17:21,16.95,15,25425,1
13:17:18,16.94,97,164318,-1
13:17:15,16.95,29,49155,1
13:17:12,16.94,67,113498,-1
13:17:09,16.94,178,301532,0
13:17:06,16.93,17,28781,-1
13:17:03,16.94,41,69454,-1
13:17:00,16.94,48,81312,1
13:16:57,16.94,50,84700,1
13:16:54,16.93,7,11851,-1
13:16:51,16.94,60,101640,1
13:16:48,16.93,20,33860,-1
13:16:45,16.94,196,332024,-1
13:16:42,16.95,55,93225,1
13:16:39,16.94,119,201586,-1
13:16:36,16.94,31,52514,-1
13:16:33,16.93,35,59255,-1
13:16:30,16.95,16,27120,1
13:16:27,16.95,51,86445,1
13:16:24,16.93,12,20316,-1
13:16:21,16.95,143,242385,1
13:16:18,16.95,5,8475,1
13:16:15,16.95,176,298320,1
13:16:09,16.95,4,6780,1
13:16:06,16.95,26,44070,1
13:16:03,16.95,24,41442,-1
13:15:59,16.96,201,340896,1
13:15:55,16.95,32,54240,-1
13:15:50,16.95,253,428835,-1
13:15:45,16.95,61,103395,-1
13:15:39,16.96,72,123044,1
13:15:36,16.93,166,281038,-1
13:15:33,16.94,252,426888,-1
13:15:26,16.95,228,386460,1
13:15:23,16.95,6,10170,1
13:15:20,16.94,13,22022,-1
13:15:17,16.93,62,104966,-1
13:15:14,16.94,1428,2419032,1
13:15:11,16.94,28,47432,1
13:15:08,16.94,22,37268,1
13:15:05,16.93,8,13544,-1
13:15:02,16.94,16,27104,1
13:14:59,16.93,609,1031037,1
13:14:56,16.92,10,16920,-1
13:14:53,16.92,100,169200,1
13:14:47,16.92,12,20304,1
13:14:44,16.91,5,8455,1
13:14:41,16.92,226,382392,1
13:14:38,16.91,74,125134,1
13:14:35,16.9,35,59149,-1
13:14:32,16.9,23,38870,-1
13:14:29,16.91,77,130207,1
13:14:26,16.9,2,3379,-1
13:14:23,16.9,8,13519,-1
13:14:20,16.9,10,16900,-1
13:14:17,16.9,137,231529,-1
13:14:14,16.9,9,15209,-1
13:14:11,16.9,71,119989,1
13:14:08,16.9,35,59149,1
13:14:05,16.9,7,11829,1
13:14:02,16.9,44,74360,1
13:13:59,16.9,21,35490,1
13:13:56,16.9,5,8450,1
13:13:53,16.9,55,92949,1
13:13:50,16.9,26,43939,1
13:13:47,16.9,8,13519,1
13:13:44,16.9,8,13519,-1
13:13:41,16.9,332,561080,1
13:13:38,16.89,2,3378,-1
13:13:35,16.89,554,935706,-1
13:13:32,16.89,213,359993,1
13:13:29,16.89,20,33780,1
13:13:26,16.89,38,64182,1
13:13:20,16.89,107,180723,1
13:13:17,16.88,41,69208,-1
13:13:14,16.89,48,81072,1
13:13:11,16.89,10,16890,1
13:13:08,16.88,10,16880,-1
13:13:05,16.89,37,62493,1
13:13:02,16.88,43,72584,-1
13:12:59,16.88,315,531720,1
13:12:56,16.87,1,1687,-1
13:12:53,16.87,5,8435,-1
13:12:50,16.88,79,133352,1
13:12:47,16.88,4,6752,1
13:12:41,16.87,54,91098,-1
13:12:38,16.87,65,109655,1
13:12:35,16.86,5,8430,-1
13:12:32,16.88,105,177240,1
13:12:26,16.86,21,35406,-1
13:12:17,16.87,4,6748,1
13:12:08,16.86,13,21918,-1
13:12:02,16.87,5,8435,1
13:11:50,16.87,4,6748,1
13:11:47,16.86,5,8430,-1
13:11:44,16.87,26,43862,1
13:11:35,16.87,5,8435,1
13:11:29,16.87,202,340774,-1
13:11:26,16.88,371,626248,1
13:11:23,16.88,56,94528,1
13:11:20,16.88,5,8440,1
13:11:17,16.87,1,1687,-1
13:11:14,16.87,65,109655,-1
13:11:11,16.87,12,20244,-1
13:11:08,16.87,12,20244,-1
13:11:05,16.87,38,64106,-1
13:11:02,16.87,4,6748,-1
13:10:59,16.88,2,3376,1
13:10:53,16.87,10,16870,-1
13:10:50,16.88,135,227880,1
13:10:44,16.86,50,84300,-1
13:10:38,16.86,35,59010,1
13:10:35,16.86,16,26976,-1
13:10:32,16.87,4,6748,1
13:10:23,16.86,30,50580,-1
13:10:20,16.86,1,1686,-1
13:10:17,16.87,46,77602,1
13:10:14,16.86,30,50580,-1
13:10:11,16.87,12,20244,1
13:10:05,16.86,51,85986,-1
13:10:02,16.87,4,6748,1
13:09:59,16.85,0,0,-1
13:09:56,16.85,12,20220,-1
13:09:53,16.85,132,222420,-1
13:09:50,16.86,27,45522,1
13:09:47,16.86,14,23604,1
13:09:44,16.85,2,3370,-1
13:09:38,16.85,10,16850,-1
13:09:35,16.85,5,8425,-1
13:09:32,16.86,1,1686,1
13:09:26,16.86,22,37092,-1
13:09:23,16.87,6,10122,1
13:09:20,16.87,104,175448,1
13:09:17,16.86,12,20232,-1
13:09:08,16.87,6,10122,1
13:09:05,16.86,5,8430,-1
13:08:56,16.87,81,136647,1
13:08:53,16.87,29,48923,1
13:08:50,16.86,20,33720,-1
13:08:47,16.87,10,16870,1
13:08:44,16.86,53,89358,-1
13:08:41,16.86,11,18546,-1
13:08:38,16.87,1,1687,1
13:08:35,16.87,5,8435,1
13:08:32,16.87,4,6748,1
13:08:29,16.87,5,8435,1
13:08:26,16.87,275,463925,-1
13:08:23,16.87,5,8435,-1
13:08:20,16.87,100,168700,-1
13:08:17,16.88,1,1688,1
13:08:14,16.87,5,8435,-1
13:08:11,16.88,3,5064,1
13:08:08,16.87,23,38801,-1
13:08:05,16.87,36,60732,-1
13:07:59,16.88,1,1688,1
13:07:56,16.88,110,185680,1
13:07:50,16.88,8,13504,1
13:07:47,16.87,25,42175,-1
13:07:44,16.87,51,86037,-1
13:07:41,16.87,10,16870,-1
13:07:38,16.87,18,30366,-1
13:07:35,16.87,5,8435,-1
13:07:32,16.88,26,43888,1
13:07:29,16.88,1,1688,1
13:07:26,16.88,15,25320,1
13:07:17,16.88,12,20256,1
13:07:14,16.88,50,84400,1
13:07:11,16.88,5,8440,1
13:07:08,16.88,20,33760,1
13:07:05,16.88,1,1688,-1
13:06:59,16.89,29,48981,1
13:06:55,16.88,10,16880,1
13:06:50,16.88,11,18568,0
13:06:44,16.89,205,346245,1
13:06:40,16.88,118,199184,1
13:06:37,16.88,129,217752,-1
13:06:34,16.89,102,172278,1
13:06:31,16.89,4,6756,1
13:06:29,16.89,117,199065,-1
13:06:23,16.89,28,47528,1
13:06:20,16.88,41,69208,-1
13:06:16,16.89,95,160455,1
13:06:14,16.88,8,13504,-1
13:06:10,16.88,1,1688,-1
13:06:07,16.88,17,28696,-1
13:06:04,16.89,78,131742,1
13:06:01,16.89,19,32091,1
13:05:55,16.89,50,84450,1
13:05:52,16.88,3,5064,-1
13:05:49,16.88,13,21944,-1
13:05:46,16.88,6,10128,-1
13:05:43,16.88,2,3376,-1
13:05:40,16.88,33,55704,1
13:05:37,16.88,25,42200,1
13:05:31,16.88,81,136728,1
13:05:28,16.88,1,1688,1
13:05:16,16.88,60,101280,1
13:05:10,16.88,5,8440,1
13:05:04,16.87,10,16870,-1
13:05:01,16.87,33,55671,1
13:04:58,16.87,2,3374,1
13:04:55,16.86,8,13488,-1
13:04:52,16.87,8,13496,1
13:04:46,16.87,37,62419,1
13:04:43,16.87,30,50610,0
13:04:40,16.88,7,11816,-1
13:04:37,16.89,75,126675,1
13:04:34,16.89,0,0,1
13:04:31,16.89,139,234771,1
13:04:28,16.88,95,161811,-1
13:04:25,16.88,4,6752,-1
13:04:22,16.88,20,33996,1
13:04:19,16.88,9,16643,-1
13:04:16,16.88,40,67756,1
13:04:13,16.86,2,3372,-1
13:04:10,16.87,10,16870,1
13:04:07,16.86,0,0,-1
13:04:04,16.86,132,222552,-1
13:04:01,16.88,124,209312,1
13:03:58,16.87,4,6748,-1
13:03:55,16.87,17,28679,-1
13:03:52,16.87,35,59045,-1
13:03:49,16.87,1,1687,-1
13:03:46,16.87,7,11809,-1
13:03:43,16.87,5,8435,-1
13:03:40,16.87,32,53984,1
13:03:31,16.87,76,128212,1
13:03:28,16.87,24,40488,1
13:03:22,16.87,7,11809,-1
13:03:16,16.87,156,263172,-1
13:03:10,16.88,31,52328,1
13:03:07,16.87,20,33740,-1
13:02:55,16.87,214,361018,1
13:02:52,16.86,14,23604,-1
13:02:49,16.86,1,1686,-1
13:02:46,16.86,26,43836,1
13:02:43,16.86,7,11802,1
13:02:40,16.85,20,33700,-1
13:02:37,16.85,17,28645,-1
13:02:31,16.86,47,79242,1
13:02:22,16.85,40,67400,1
13:02:19,16.85,24,40440,1
13:02:16,16.85,94,158390,1
13:02:13,16.85,142,239270,-1
13:02:10,16.86,5,8430,-1
13:02:07,16.86,2,3372,1
13:02:04,16.86,28,47208,1
13:02:01,16.86,74,124764,1
13:01:55,16.86,47,79242,1
13:01:43,16.85,86,144910,-1
13:01:40,16.85,51,85935,1
13:01:34,16.85,13,21905,1
13:01:31,16.85,33,55605,1
13:01:28,16.85,20,33700,1
13:01:25,16.85,1,1685,1
13:01:22,16.86,0,0,1
13:01:19,16.86,0,0,1
13:01:16,16.86,70,118020,1
13:01:10,16.85,26,43810,-1
13:01:07,16.85,23,38755,-1
13:01:04,16.85,17,28645,1
13:01:01,16.85,65,109525,1
13:00:58,16.85,0,0,1
13:00:55,16.85,0,0,1
13:00:49,16.85,36,60660,1
13:00:46,16.84,11,18524,1
13:00:43,16.84,20,33680,1
13:00:40,16.82,10,16820,-1
13:00:37,16.83,1,1682,0
13:00:31,16.82,15,25230,-1
13:00:28,16.84,29,48836,1
13:00:25,16.83,1,1682,1
13:00:22,16.83,1,1682,0
13:00:10,16.84,1,1684,1
13:00:07,16.82,157,264074,-1
13:00:04,16.84,886,1492024,-1
13:00:01,16.85,439,739715,1
11:30:00,16.84,0,0,1
11:30:00,16.84,0,0,1
11:30:00,16.84,1,1684,1
11:29:57,16.83,18,30293,-1
11:29:54,16.83,17,28610,-1
11:29:51,16.84,20,33680,1
11:29:45,16.84,6,10104,1
11:29:36,16.84,44,74096,1
11:29:30,16.84,100,168400,1
11:29:27,16.84,3,5052,1
11:29:21,16.84,6,10104,1
11:29:18,16.84,9,15156,1
11:29:15,16.84,152,255968,-1
11:29:12,16.85,13,21905,1
11:29:09,16.85,16,26960,1
11:29:06,16.84,5,8420,-1
11:28:57,16.84,43,72412,-1
11:28:54,16.85,17,28645,1
11:28:51,16.85,13,21905,1
11:28:48,16.85,255,429675,-1
11:28:45,16.86,8,13488,1
11:28:36,16.86,97,163542,-1
11:28:33,16.87,76,128212,1
11:28:27,16.87,11,18557,1
11:28:24,16.87,25,42175,1
11:28:17,16.87,6,10122,1
11:28:12,16.87,10,16870,1
11:28:09,16.87,3,5061,1
11:28:02,16.87,9,15183,1
11:27:59,16.87,95,160265,-1
11:27:53,16.87,7,11809,-1
11:27:50,16.87,225,379575,1
11:27:38,16.87,10,16870,1
11:27:35,16.86,105,177030,-1
11:27:28,16.86,364,613704,-1
11:27:26,16.86,5,8430,-1
11:27:23,16.87,3,5061,0
11:27:17,16.87,3,5061,-1
11:27:13,16.85,0,0,-1
11:27:10,16.85,10,16850,-1
11:27:08,16.87,5,8435,-1
11:27:05,16.87,15,25305,1
11:27:02,16.85,2,3370,-1
11:26:59,16.88,499,842312,1
11:26:53,16.87,120,202440,1
11:26:49,16.86,5,8430,1
11:26:46,16.86,8,13488,1
11:26:41,16.86,7,11802,-1
11:26:38,16.86,10,16860,-1
11:26:35,16.86,2,3372,-1
11:26:28,16.86,46,77556,-1
11:26:26,16.86,5,8430,-1
11:26:23,16.87,40,67480,1
11:26:20,16.86,41,69126,-1
11:26:16,16.87,7,11809,1
11:26:13,16.86,70,118020,-1
11:26:11,16.86,4,6744,-1
11:26:04,16.86,10,16860,-1
11:25:59,16.87,17,28679,1
11:25:49,16.86,24,40464,0
11:25:47,16.87,15,25305,1
11:25:44,16.86,4,6744,1
11:25:41,16.86,17,28662,-1
11:25:35,16.86,59,99474,1
11:25:32,16.86,160,269760,-1
11:25:28,16.87,40,67480,1
11:25:22,16.87,29,48923,1
11:25:17,16.87,10,16870,1
11:25:08,16.87,36,60732,1
11:25:04,16.86,2,3372,-1
11:25:01,16.87,50,84350,1
11:24:55,16.87,1,1687,1
11:24:53,16.86,29,48894,1
11:24:49,16.86,3,5058,1
11:24:46,16.86,2,3372,1
11:24:43,16.85,50,84250,-1
11:24:37,16.86,90,151740,1
11:24:34,16.85,8,13480,1
11:24:31,16.85,5,8425,1
11:24:29,16.84,113,190292,-1
11:24:25,16.85,53,89305,1
11:24:22,16.84,52,87568,-1
11:24:19,16.85,5,8425,1
11:24:16,16.85,8,13480,1
11:24:13,16.84,29,48836,-1
11:24:04,16.84,10,16840,-1
11:23:58,16.84,48,80832,1
11:23:55,16.84,5,8420,0
11:23:49,16.83,16,26927,0
11:23:46,16.85,145,244325,1
11:23:44,16.83,13,21878,-1
11:23:40,16.84,10,16840,1
11:23:37,16.84,9,15156,1
11:23:34,16.84,1,1684,1
11:23:31,16.84,7,11788,1
11:23:28,16.82,2,3364,-1
11:23:25,16.84,62,104408,-1
11:23:22,16.84,11,18524,-1
11:23:19,16.84,42,70728,1
11:23:16,16.85,214,360590,1
11:23:13,16.83,8,13463,-1
11:23:10,16.83,91,153152,1
11:23:07,16.82,84,141288,-1
11:23:04,16.82,50,84100,-1
11:23:01,16.83,78,131274,1
11:22:58,16.84,8,13472,1
11:22:55,16.83,85,143055,-1
11:22:52,16.84,6,10104,1
11:22:49,16.83,2,3365,-1
11:22:47,16.83,22,37025,-1
11:22:40,16.84,14,23576,1
11:22:37,16.84,62,104408,-1
11:22:34,16.85,11,18535,1
11:22:31,16.84,24,40416,-1
11:22:28,16.84,20,33680,-1
11:22:25,16.85,3,5055,1
11:22:13,16.85,89,149965,-1
11:22:10,16.86,1,1686,1
11:22:01,16.85,1,1685,-1
11:21:58,16.86,46,77556,-1
11:21:55,16.86,70,118020,-1
11:21:52,16.86,5,8430,-1
11:21:49,16.87,3,5061,1
11:21:46,16.87,17,30129,-1
11:21:43,16.87,98,165326,-1
11:21:40,16.88,4,6752,1
11:21:37,16.87,10,16870,-1
11:21:34,16.88,5,8440,1
11:21:31,16.88,52,88012,1
11:21:28,16.88,6,10128,1
11:21:22,16.88,118,199184,-1
11:21:19,16.89,28,47292,0
11:21:16,16.88,24,40512,-1
11:21:13,16.89,282,476298,1
11:21:10,16.89,10,16890,1
11:21:07,16.88,615,1038119,-1
11:21:04,16.89,29,48981,1
11:21:01,16.89,10,16890,1
11:20:58,16.89,6,10134,1
11:20:55,16.88,4,6752,-1
11:20:52,16.9,65,109849,1
11:20:49,16.9,22,37180,1
11:20:46,16.88,5,8440,-1
11:20:43,16.9,0,0,1
11:20:40,16.9,63,106469,1
11:20:37,16.89,28,47292,-1
11:20:34,16.89,13,21957,-1
11:20:31,16.9,33,55769,1
11:20:28,16.9,27,45629,-1
11:20:19,16.9,21,35490,0
11:20:13,16.91,50,84550,1
11:20:10,16.89,419,707691,-1
11:20:07,16.92,29,49068,1
11:20:04,16.91,9,15219,-1
11:20:01,16.91,10,16910,1
11:19:58,16.9,28,47319,-1
11:19:55,16.9,52,87879,-1
11:19:52,16.91,2,3382,1
11:19:49,16.91,31,52421,1
11:19:46,16.9,10,16900,-1
11:19:43,16.91,14,23674,1
11:19:40,16.91,7,11837,1
11:19:37,16.91,26,43966,0
11:19:34,16.9,43,72670,-1
11:19:28,16.9,11,18590,-1
11:19:25,16.92,110,186120,1
11:19:22,16.91,20,33820,-1
11:19:19,16.91,77,130207,0
11:19:16,16.92,205,346860,1
11:19:13,16.91,50,84550,1
11:19:10,16.91,93,157263,1
11:19:07,16.9,59,99709,-1
11:19:04,16.91,86,145426,-1
11:18:58,16.92,58,98136,1
11:18:55,16.9,12,20280,-1
11:18:52,16.9,1,1689,-1
11:18:49,16.9,72,121679,-1
11:18:46,16.92,235,397620,-1
11:18:43,16.92,120,203040,1
11:18:40,16.9,63,106469,-1
11:18:37,16.9,52,87879,-1
11:18:34,16.92,467,790164,1
11:18:28,16.9,21,35490,-1
11:18:25,16.9,10,16900,-1
11:18:22,16.91,138,233358,1
11:18:19,16.91,47,79477,-1
11:18:16,16.9,60,101399,-1
11:18:13,16.91,32,54112,1
11:18:10,16.91,80,135280,1
11:18:07,16.91,5,8455,1
11:18:04,16.91,16,27056,1
11:18:01,16.91,9,15219,1
11:17:58,16.91,62,104842,-1
11:17:55,16.91,11,18601,-1
11:17:52,16.92,11,18612,-1
11:17:49,16.93,149,252257,-1
11:17:46,16.94,0,0,1
11:17:43,16.94,409,692846,1
11:17:40,16.9,21,35490,-1
11:17:37,16.91,9,15219,0
11:17:34,16.94,184,311696,1
11:17:31,16.94,221,374374,1
11:17:28,16.93,2,3386,0
11:17:25,16.94,446,755524,1
11:17:22,16.91,34,57494,-1
11:17:19,16.92,56,94752,-1
11:17:16,16.93,112,189616,-1
11:17:13,16.93,72,121896,-1
11:17:10,16.93,490,829570,1
11:17:07,16.92,46,77832,-1
11:17:04,16.92,326,551592,-1
11:17:01,16.93,26,44018,1
11:16:58,16.93,82,138826,1
11:16:55,16.93,80,135440,1
11:16:52,16.93,118,199774,0
11:16:49,16.94,363,614922,1
11:16:46,16.92,107,181044,-1
11:16:43,16.94,76,128744,1
11:16:40,16.93,32,54176,0
11:16:37,16.94,603,1021482,1
11:16:34,16.93,45,76185,1
11:16:31,16.92,177,299484,-1
11:16:28,16.93,452,765236,1
11:16:25,16.93,15,25395,1
11:16:22,16.92,6,10152,-1
11:16:19,16.92,425,719100,1
11:16:16,16.88,109,183992,-1
11:16:13,16.88,5,8440,-1
11:16:10,16.88,44,74272,-1
11:16:07,16.88,95,160360,-1
11:16:04,16.9,314,530660,1
11:16:01,16.88,99,167112,1
11:15:55,16.88,9,15192,1
11:15:52,16.88,15,25320,0
11:15:49,16.9,110,185899,1
11:15:46,16.88,17,28696,1
11:15:43,16.9,27,45629,1
11:15:40,16.9,73,123369,1
11:15:37,16.88,5,8440,0
11:15:34,16.9,250,422499,1
11:15:31,16.88,23,38824,-1
11:15:28,16.88,3,5064,1
11:15:25,16.87,114,192318,-1
11:15:22,16.9,129,218009,1
11:15:19,16.9,4,6759,1
11:15:16,16.9,162,273780,1
11:15:13,16.9,318,537420,-1
11:15:10,16.92,96,162432,1
11:15:07,16.92,79,133668,-1
11:15:04,16.93,73,123589,1
11:15:01,16.93,109,184537,0
11:14:58,16.92,108,182736,-1
11:14:55,16.92,14,23688,-1
11:14:52,16.93,18,30474,1
11:14:49,16.91,41,69331,-1
11:14:46,16.93,123,208239,-1
11:14:43,16.92,61,103212,0
11:14:40,16.91,74,125134,-1
11:14:37,16.93,7,11851,0
11:14:34,16.94,59,99946,1
11:14:31,16.91,69,116679,-1
11:14:28,16.91,36,60876,-1
11:14:25,16.92,482,815544,1
11:14:22,16.91,124,209684,1
11:14:19,16.9,117,197729,-1
11:14:16,16.9,46,77740,-1
11:14:13,16.91,42,71022,1
11:14:07,16.91,26,43966,1
11:14:04,16.92,350,592200,1
11:14:01,16.91,40,67640,1
11:13:58,16.91,270,456570,-1
11:13:55,16.91,144,243504,-1
11:13:52,16.91,36,60876,-1
11:13:49,16.91,160,270560,1
11:13:46,16.9,255,430949,-1
11:13:42,16.91,114,192774,1
11:13:40,16.91,173,292543,-1
11:13:37,16.91,162,273942,-1
11:13:34,16.92,54,91368,1
11:13:31,16.92,320,541440,1
11:13:28,16.92,427,722484,-1
11:13:25,16.95,2,3390,1
11:13:21,16.95,258,437310,1
11:13:18,16.94,23,38962,-1
11:13:15,16.94,87,147378,-1
11:13:12,16.94,87,147378,-1
11:13:09,16.96,178,301888,-1
11:13:06,16.97,77,130668,1
11:13:03,16.95,60,101700,1
11:13:00,16.95,31,52545,1
11:12:57,16.92,116,196272,-1
11:12:54,16.96,47,79712,1
11:12:52,16.95,43,72885,-1
11:12:48,16.95,199,337305,1
11:12:45,16.92,77,130284,1
11:12:42,16.83,1031,1735172,-1
11:12:39,16.91,5039,8520949,1
11:12:36,16.91,26,43966,1
11:12:34,16.9,81,136890,-1
11:12:30,16.9,1197,2022929,1
11:12:27,16.84,2013,3389892,0
11:12:24,16.83,5,8415,-1
11:12:21,16.88,2645,4464760,1
11:12:18,16.85,20,33700,1
11:12:15,16.84,193,325012,-1
11:12:12,16.85,55,92675,-1
11:12:09,16.85,154,259490,-1
11:12:06,16.85,459,773415,1
11:12:03,16.84,68,114512,-1
11:12:00,16.85,142,239270,1
11:11:57,16.84,6,10104,1
11:11:54,16.84,11,18524,0
11:11:51,16.83,82,138006,-1
11:11:48,16.84,101,170084,-1
11:11:45,16.85,71,119635,1
11:11:42,16.85,52,87620,-1
11:11:39,16.86,29,48894,1
11:11:36,16.85,23,38755,1
11:11:33,16.84,85,143140,-1
11:11:30,16.86,51,85986,1
11:11:27,16.85,111,187035,-1
11:11:24,16.86,137,230982,1
11:11:21,16.85,198,333630,-1
11:11:18,16.85,214,360590,-1
11:11:15,16.86,27,45522,1
11:11:12,16.85,98,165130,1
11:11:09,16.85,109,183665,1
11:11:06,16.85,150,252750,1
11:11:03,16.85,304,512240,1
11:11:00,16.85,223,375755,1
11:10:57,16.84,67,112828,-1
11:10:54,16.85,50,84250,1
11:10:51,16.85,87,146595,1
11:10:48,16.85,227,382495,1
11:10:45,16.83,367,617660,-1
11:10:42,16.84,50,84200,1
11:10:39,16.84,23,38732,1
11:10:36,16.84,50,84200,1
11:10:33,16.82,1061,1784602,-1
11:10:30,16.84,14,23576,0
11:10:27,16.81,1106,1859185,1
11:10:24,16.81,103,173143,-1
11:10:21,16.82,149,250618,1
11:10:18,16.81,10,16810,0
11:10:15,16.8,91,152880,-1
11:10:12,16.8,125,211612,0
11:10:09,16.79,432,725328,0
11:10:06,16.8,273,458640,1
11:10:03,16.8,31,52080,1
11:10:00,16.78,163,273514,-1
11:09:57,16.79,145,243455,0
11:09:54,16.8,542,910560,1
11:09:51,16.79,869,1459051,1
11:09:48,16.79,150,251850,1
11:09:45,16.76,105,175980,-1
11:09:42,16.78,120,201360,-1
11:09:39,16.79,129,216591,1
11:09:36,16.78,32,53696,-1
11:09:33,16.78,33,55374,1
11:09:30,16.78,73,122494,0
11:09:26,16.79,320,537280,1
11:09:22,16.74,2,3347,-1
11:09:21,16.74,60,100439,-1
11:09:18,16.75,285,477375,1
11:09:14,16.74,13,21761,1
11:09:12,16.73,52,86996,-1
11:09:05,16.74,1461,2445714,-1
11:09:01,16.74,25,41849,-1
11:08:58,16.74,3,5021,-1
11:08:55,16.74,9,15065,-1
11:08:52,16.74,22,36828,-1
11:08:49,16.74,7,11717,-1
11:08:46,16.74,23,38502,1
11:08:43,16.73,14,23422,-1
11:08:34,16.74,42,70308,1
11:08:31,16.73,62,103726,-1
11:08:25,16.71,61,101931,1
11:08:22,16.71,43,71853,1
11:08:19,16.71,91,152061,1
11:08:16,16.71,983,1642593,-1
11:08:13,16.74,20,33480,-1
11:08:10,16.74,39,65285,1
11:08:07,16.74,5,8370,-1
11:08:04,16.74,32,53567,-1
11:07:58,16.74,143,239381,1
11:07:52,16.72,23,38456,-1
11:07:49,16.73,89,148897,-1
11:07:43,16.74,68,113831,1
11:07:40,16.74,28,46871,1
11:07:37,16.73,98,163954,1
11:07:34,16.71,18,30078,-1
11:07:31,16.72,13,21736,1
11:07:28,16.72,21,35112,1
11:07:25,16.72,0,0,1
11:07:22,16.72,5,8360,1
11:07:19,16.72,51,85272,1
11:07:16,16.72,115,192280,1
11:07:13,16.72,172,287584,-1
11:07:10,16.72,160,267520,-1
11:07:07,16.72,26,43472,-1
11:07:04,16.73,34,56882,1
11:07:01,16.73,43,71939,1
11:06:58,16.71,36,60156,-1
11:06:55,16.71,98,163758,-1
11:06:52,16.72,2,3344,0
11:06:49,16.73,7,11711,1
11:06:46,16.73,15,25095,1
11:06:43,16.73,29,48517,1
11:06:40,16.73,17,28441,1
11:06:37,16.73,2,3346,1
11:06:34,16.7,8,13360,-1
11:06:31,16.7,91,151970,-1
11:06:28,16.7,0,0,-1
11:06:25,16.7,90,150300,1
11:06:22,16.7,2,3340,1
11:06:19,16.7,77,128590,1
11:06:13,16.7,1,1670,1
11:06:10,16.7,2,3340,1
11:06:07,16.7,7,11690,1
11:06:04,16.7,26,43420,1
11:06:01,16.7,10,16700,1
11:05:52,16.7,259,432530,-1
11:05:49,16.75,94,157450,1
11:05:46,16.74,61,102113,-1
11:05:43,16.75,2,3350,1
11:05:40,16.75,104,174200,-1
11:05:37,16.76,23,38548,1
11:05:34,16.75,100,167500,1
11:05:31,16.75,63,105525,-1
11:05:28,16.76,1,1676,1
11:05:25,16.76,30,50280,1
11:05:22,16.76,29,48604,1
11:05:19,16.76,141,236316,-1
11:05:16,16.77,35,58695,1
11:05:13,16.76,113,189388,-1
11:05:10,16.76,17,28492,-1
11:05:07,16.76,5,8380,0
11:05:04,16.75,122,204350,-1
11:05:01,16.76,230,385480,1
11:04:58,16.76,12,20112,1
11:04:55,16.76,511,856436,1
11:04:52,16.75,199,333325,1
11:04:49,16.75,74,123950,1
11:04:46,16.75,47,78725,1
11:04:43,16.75,409,685075,1
11:04:37,16.74,10,16740,-1
11:04:34,16.74,55,92069,1
11:04:31,16.74,3,5021,1
11:04:28,16.75,190,318250,1
11:04:25,16.74,49,82025,-1
11:04:22,16.75,21,35175,1
11:04:19,16.75,40,67000,1
11:04:16,16.74,16,26783,-1
11:04:13,16.74,566,947483,1
11:04:10,16.72,5,8360,-1
11:04:07,16.72,25,41800,-1
11:04:04,16.72,223,372856,1
11:04:01,16.71,5,8355,-1
11:03:58,16.71,35,58485,1
11:03:55,16.7,123,205410,-1
11:03:52,16.7,22,36740,-1
11:03:46,16.7,12,20040,-1
11:03:43,16.7,36,60120,-1
11:03:40,16.69,4,6676,-1
11:03:37,16.69,38,63422,-1
11:03:34,16.7,90,150300,1
11:03:31,16.7,17,28390,1
11:03:28,16.69,9,15021,-1
11:03:25,16.69,36,60084,-1
11:03:22,16.7,119,198730,1
11:03:16,16.69,15,25035,-1
11:03:13,16.7,12,20040,1
11:03:10,16.7,40,66800,1
11:03:07,16.7,29,48430,1
11:03:04,16.7,20,33400,1
11:03:01,16.7,21,35070,1
11:02:52,16.69,1,1669,-1
11:02:49,16.7,10,16700,1
11:02:43,16.7,109,182030,1
11:02:40,16.69,19,31711,-1
11:02:37,16.69,9,15021,-1
11:02:28,16.7,1,1670,1
11:02:22,16.7,17,28390,1
11:02:19,16.7,172,287240,-1
11:02:16,16.7,447,746490,-1
11:02:13,16.72,10,16720,1
11:02:10,16.7,12,20040,-1
11:02:07,16.71,87,145377,-1
11:02:04,16.72,1,1672,1
11:02:01,16.72,3,5016,1
11:01:58,16.71,7,11697,-1
11:01:55,16.72,4,6688,1
11:01:52,16.72,3,5016,0
11:01:46,16.71,150,250650,-1
11:01:43,16.72,10,16720,-1
11:01:37,16.74,7,11717,1
11:01:34,16.74,18,30131,1
11:01:31,16.73,84,140532,-1
11:01:25,16.73,27,45171,-1
11:01:22,16.73,21,35133,-1
11:01:19,16.74,59,98765,1
11:01:16,16.73,31,51863,-1
11:01:13,16.73,67,112091,-1
11:01:10,16.74,107,179117,1
11:01:04,16.74,38,63611,1
11:01:01,16.73,99,165627,-1
11:00:58,16.75,33,55275,1
11:00:55,16.74,538,900611,1
11:00:52,16.74,94,157355,1
11:00:49,16.73,107,179011,-1
11:00:46,16.74,23,38502,-1
11:00:43,16.74,20,33480,1
11:00:40,16.73,15,25095,-1
11:00:37,16.75,56,93800,1
11:00:34,16.73,63,105399,-1
11:00:31,16.73,123,205779,1
11:00:28,16.73,20,33460,1
11:00:25,16.73,5,8365,1
11:00:22,16.73,257,429961,1
11:00:19,16.73,381,637413,-1
11:00:16,16.74,119,199205,-1
11:00:13,16.74,40,66960,-1
11:00:10,16.74,30,50219,0
11:00:07,16.73,37,61901,-1
11:00:04,16.74,111,185813,1
11:00:01,16.73,6,10038,-1
10:59:58,16.73,9,15057,-1
10:59:55,16.73,56,93688,1
10:59:52,16.73,71,118783,1
10:59:49,16.73,208,347984,1
10:59:46,16.72,140,234079,-1
10:59:43,16.72,66,110351,1
10:59:40,16.72,144,240767,1
10:59:37,16.72,155,259159,1
10:59:34,16.72,10,16720,1
10:59:31,16.71,30,50130,-1
10:59:28,16.71,72,120312,1
10:59:25,16.71,116,193836,1
10:59:22,16.71,279,466209,1
10:59:19,16.7,188,313960,-1
10:59:16,16.7,30,50100,-1
10:59:10,16.69,14,23366,-1
10:59:07,16.7,293,489310,1
10:59:04,16.69,4,6676,-1
10:59:01,16.7,528,881760,1
10:58:58,16.69,2,3338,1
10:58:55,16.68,35,58380,-1
10:58:52,16.68,210,350280,1
10:58:49,16.67,1,1667,-1
10:58:46,16.68,2,3336,1
10:58:43,16.67,196,326732,1
10:58:40,16.66,10,16660,-1
10:58:37,16.66,5,8330,-1
10:58:34,16.67,2,3334,1
10:58:31,16.65,14,23309,-1
10:58:28,16.67,6,10002,1
10:58:25,16.66,3,4998,0
10:58:22,16.65,27,44954,1
10:58:19,16.64,113,188032,-1
10:58:16,16.65,174,289710,1
10:58:13,16.65,75,124874,1
10:58:10,16.65,1,1664,1
10:58:04,16.65,17,28304,1
10:58:01,16.63,70,116410,-1
10:57:58,16.64,14,23296,-1
10:57:55,16.64,12,19968,-1
10:57:52,16.64,69,114816,-1
10:57:49,16.65,118,196469,1
10:57:46,16.64,7,11648,1
10:57:43,16.64,6,9984,1
10:57:40,16.64,28,46592,1
10:57:37,16.64,20,33280,-1
10:57:34,16.65,54,89909,1
10:57:31,16.64,18,29952,-1
10:57:28,16.65,24,39960,1
10:57:25,16.65,5,8325,1
10:57:22,16.63,14,23282,-1
10:57:19,16.65,89,148185,-1
10:57:16,16.65,13,21644,-1
10:57:13,16.65,7,11654,0
10:57:10,16.62,25,41550,-1
10:57:07,16.65,3,4995,1
10:57:04,16.62,107,177834,-1
10:57:01,16.63,0,0,-1
10:56:58,16.63,600,997799,-1
10:56:55,16.69,40,66760,1
10:56:52,16.68,111,185148,-1
10:56:49,16.68,24,40032,-1
10:56:46,16.69,21,35049,1
10:56:40,16.69,25,41725,-1
10:56:37,16.7,9,15030,0
10:56:34,16.71,71,118641,1
10:56:31,16.7,3,5010,1
10:56:28,16.7,257,429190,-1
10:56:25,16.71,83,138693,-1
10:56:22,16.7,2,3340,-1
10:56:19,16.71,37,61827,1
10:56:16,16.71,20,33420,1
10:56:13,16.71,1,1671,1
10:56:04,16.71,29,48459,-1
10:56:01,16.71,30,50130,-1
10:55:58,16.72,114,190608,1
10:55:52,16.72,2,3344,1
10:55:49,16.72,41,68552,-1
10:55:46,16.72,11,18392,-1
10:55:43,16.72,19,31767,-1
10:55:40,16.72,17,28423,-1
10:55:34,16.72,24,40128,-1
10:55:31,16.72,250,418000,-1
10:55:28,16.72,325,543400,1
10:55:25,16.7,37,61790,-1
10:55:22,16.71,56,93576,-1
10:55:19,16.71,52,86892,1
10:55:16,16.71,17,28407,1
10:55:13,16.7,10,16700,-1
10:55:10,16.71,12,20052,1
10:55:07,16.71,8,13368,-1
10:55:03,16.71,13,21723,1
10:55:01,16.7,38,63460,-1
10:54:58,16.7,57,95190,-1
10:54:54,16.7,14,23380,-1
10:54:52,16.72,64,107008,1
10:54:49,16.7,11,18370,-1
10:54:46,16.71,10,16710,-1
10:54:42,16.71,161,269031,1
10:54:39,16.7,20,33400,-1
10:54:36,16.7,2,3340,-1
10:54:33,16.7,182,303940,1
10:54:30,16.68,100,166800,-1
10:54:27,16.71,0,0,1
10:54:24,16.71,145,242295,1
10:54:22,16.7,29,48430,1
10:54:18,16.7,31,51770,1
10:54:15,16.7,1,1670,1
10:54:12,16.7,18,30060,-1
10:54:09,16.71,91,152061,1
10:54:06,16.71,80,133680,1
10:54:00,16.71,342,571482,-1
10:53:57,16.72,84,140448,1
10:53:51,16.72,62,103664,1
10:53:48,16.72,10,16720,1
10:53:45,16.73,31,51863,1
10:53:42,16.72,6,10032,-1
10:53:39,16.72,101,168872,-1
10:53:33,16.73,7,11711,1
10:53:30,16.73,119,199087,-1
10:53:27,16.74,82,137268,1
10:53:24,16.74,152,254447,1
10:53:21,16.73,46,76958,-1
10:53:18,16.74,41,68634,1
10:53:15,16.73,31,51863,-1
10:53:12,16.74,50,83699,-1
10:53:09,16.74,9,15065,-1
10:53:06,16.74,7,11717,-1
10:53:03,16.74,9,15065,-1
10:52:57,16.75,7,11725,-1
10:52:54,16.75,13,21775,0
10:52:51,16.75,78,130650,1
10:52:48,16.73,0,0,-1
10:52:45,16.73,10,16730,-1
10:52:42,16.75,300,502500,1
10:52:39,16.73,20,33460,-1
10:52:36,16.73,6,10038,-1
10:52:33,16.75,147,246225,1
10:52:30,16.74,9,15065,-1
10:52:27,16.74,82,137268,0
10:52:24,16.75,90,150750,1
10:52:21,16.74,12,20087,1
10:52:18,16.73,34,56882,-1
10:52:15,16.74,93,155682,0
10:52:12,16.75,214,358450,1
10:52:09,16.75,21,35175,1
10:52:06,16.75,179,299825,-1
10:52:03,16.75,14,23450,-1
10:52:00,16.75,248,415400,-1
10:51:57,16.75,9,15075,-1
10:51:54,16.75,3,5025,-1
10:51:51,16.75,311,520925,1
10:51:48,16.73,12,20076,-1
10:51:45,16.75,161,269675,1
10:51:42,16.73,31,51863,-1
10:51:39,16.75,274,458950,1
10:51:36,16.75,78,130650,1
10:51:33,16.73,1,1673,-1
10:51:30,16.73,10,16730,-1
10:51:27,16.75,11,18425,-1
10:51:24,16.75,16,26800,-1
10:51:21,16.75,177,296475,1
10:51:18,16.72,53,88616,-1
10:51:15,16.73,101,168973,1
10:51:12,16.72,18,30095,-1
10:51:09,16.73,35,58555,1
10:51:06,16.73,42,70266,1
10:51:03,16.73,627,1048971,-1
10:51:00,16.75,163,273025,1
10:50:57,16.74,53,88721,-1
10:50:54,16.75,28,46900,-1
10:50:51,16.75,308,515900,-1
10:50:45,16.75,33,55275,-1
10:50:42,16.75,439,735325,1
10:50:39,16.74,50,83699,1
10:50:36,16.74,94,157355,1
10:50:33,16.73,16,26768,-1
10:50:30,16.74,74,123875,-1
10:50:24,16.74,103,172421,1
10:50:21,16.73,247,413231,-1
10:50:18,16.74,32,53567,-1
10:50:15,16.74,40,66960,1
10:50:12,16.74,5,8370,1
10:50:09,16.73,135,225855,-1
10:50:06,16.73,30,50190,-1
10:50:03,16.73,151,252623,-1
10:50:00,16.74,213,356561,1
10:49:54,16.75,30,50250,1
10:49:51,16.75,264,442200,1
10:49:47,16.73,105,175665,-1
10:49:45,16.75,60,100500,1
10:49:42,16.74,77,128897,-1
10:49:35,16.75,72,120600,1
10:49:30,16.75,410,686750,1
10:49:26,16.74,111,185813,1
10:49:24,16.74,107,179117,1
10:49:20,16.75,105,175875,1
10:49:15,16.74,61,102113,1
10:49:12,16.74,112,187487,1
10:49:07,16.74,145,242729,-1
10:49:04,16.75,135,226125,1
10:49:01,16.74,54,90395,-1
10:48:58,16.75,54,90450,1
10:48:55,16.74,34,56915,-1
10:48:52,16.73,568,950264,-1
10:48:49,16.74,34,56915,-1
10:48:46,16.75,100,167500,1
10:48:43,16.75,505,845875,1
10:48:40,16.74,3,5021,1
10:48:37,16.73,10,16730,-1
10:48:31,16.73,184,307832,1
10:48:28,16.73,42,70266,1
10:48:25,16.73,100,167300,1
10:48:22,16.73,57,95361,1
10:48:19,16.73,40,66920,1
10:48:16,16.72,1,1672,-1
10:48:13,16.72,34,56847,-1
10:48:10,16.72,287,479863,1
10:48:07,16.71,16,26736,-1
10:48:04,16.72,51,85272,1
10:48:01,16.71,5,8355,-1
10:47:58,16.71,5,8355,-1
10:47:55,16.71,70,116970,1
10:47:52,16.71,36,60156,1
10:47:49,16.71,18,30078,1
10:47:46,16.71,12,20052,1
10:47:43,16.71,55,91905,1
10:47:40,16.7,2,3340,0
10:47:37,16.69,343,572467,-1
10:47:34,16.7,39,65130,1
10:47:31,16.71,13,21723,1
10:47:28,16.71,66,110286,1
10:47:25,16.7,8,13360,-1
10:47:22,16.7,56,93520,1
10:47:19,16.7,91,151970,1
10:47:16,16.69,7,11683,-1
10:47:13,16.7,2,3340,1
10:47:07,16.7,2,3340,1
10:47:04,16.7,9,15030,1
10:47:01,16.7,11,18370,0
10:46:58,16.7,168,280560,-1
10:46:55,16.71,57,95247,1
10:46:52,16.7,13,21710,-1
10:46:49,16.71,29,48459,1
10:46:46,16.71,28,46788,1
10:46:43,16.71,792,1323432,-1
10:46:40,16.72,12,20064,1
10:46:37,16.71,1,1671,-1
10:46:34,16.72,21,35112,1
10:46:31,16.71,51,85221,-1
10:46:28,16.71,18,30078,-1
10:46:22,16.72,1,1672,1
10:46:19,16.71,129,215559,1
10:46:13,16.7,26,43420,-1
10:46:10,16.71,52,86892,1
10:46:07,16.71,12,20052,1
10:46:04,16.71,69,115299,1
10:46:01,16.7,14,23380,-1
10:45:58,16.7,15,25050,-1
10:45:55,16.7,382,637940,1
10:45:52,16.7,104,173680,1
10:45:49,16.7,3,5010,1
10:45:46,16.7,15,25050,1
10:45:43,16.7,128,213760,1
10:45:40,16.7,149,248830,-1
10:45:37,16.71,2,3342,1
10:45:34,16.7,289,482630,-1
10:45:31,16.7,7,11690,-1
10:45:28,16.7,105,175350,-1
10:45:25,16.7,4,6680,-1
10:45:22,16.7,802,1339340,1
10:45:19,16.67,115,191705,-1
10:45:16,16.68,4,6672,-1
10:45:13,16.68,5,8340,-1
10:45:10,16.68,18,30024,1
10:45:07,16.67,5,8335,-1
10:45:04,16.67,50,83350,-1
10:45:01,16.67,5,8335,-1
10:44:58,16.67,68,113356,1
10:44:55,16.66,3,4998,1
10:44:52,16.66,106,176596,1
10:44:49,16.66,226,376516,-1
10:44:46,16.68,150,250200,1
10:44:43,16.67,68,113356,1
10:44:40,16.67,43,71681,1
10:44:37,16.67,15,25005,1
10:44:34,16.66,16,26656,-1
10:44:31,16.66,61,101626,-1
10:44:28,16.67,20,33340,1
10:44:25,16.67,7,11669,1
10:44:22,16.66,10,16660,-1
10:44:19,16.67,2,3334,1
10:44:16,16.66,83,138278,1
10:44:13,16.66,49,81634,1
10:44:10,16.65,38,63269,0
10:44:07,16.65,93,154845,-1
10:44:04,16.65,46,76590,-1
10:44:01,16.65,45,74925,-1
10:43:58,16.65,87,144855,-1
10:43:55,16.65,38,63269,1
10:43:52,16.64,286,475904,-1
10:43:49,16.65,13,21644,1
10:43:46,16.65,3,4995,1
10:43:43,16.65,67,111554,-1
10:43:40,16.64,121,201344,-1
10:43:37,16.65,18,29969,-1
10:43:34,16.65,8,13319,-1
10:43:31,16.64,29,48256,-1
10:43:28,16.65,66,109889,1
10:43:25,16.65,78,129869,1
10:43:22,16.64,66,109824,-1
10:43:19,16.65,2,3329,1
10:43:16,16.65,43,71595,-1
10:43:13,16.65,113,188144,-1
10:43:10,16.65,18,29969,-1
10:43:07,16.66,178,296548,1
10:43:04,16.66,161,268226,1
10:43:01,16.66,102,169932,1
10:42:58,16.66,50,83300,-1
10:42:55,16.67,33,55011,1
10:42:52,16.67,0,0,1
10:42:49,16.67,550,916850,1
10:42:46,16.67,91,151697,-1
10:42:43,16.68,2,3336,0
10:42:40,16.67,16,26672,-1
10:42:37,16.69,18,30042,1
10:42:34,16.68,2,3336,1
10:42:31,16.68,555,925740,-1
10:42:28,16.69,64,106816,-1
10:42:25,16.69,15,25035,-1
10:42:22,16.7,82,136940,1
10:42:19,16.71,31,51801,1
10:42:13,16.69,16,26704,-1
10:42:10,16.71,48,80208,1
10:42:07,16.7,1,1670,1
10:42:04,16.7,18,30060,0
10:42:01,16.7,17,28390,-1
10:41:58,16.71,18,30078,1
10:41:55,16.71,16,26736,1
10:41:52,16.72,87,145464,1
10:41:49,16.7,31,51770,-1
10:41:46,16.71,94,157074,1
10:41:43,16.71,10,16710,1
10:41:37,16.7,12,20040,-1
10:41:34,16.7,6,10020,-1
10:41:31,16.7,65,108550,1
10:41:28,16.72,59,98648,1
10:41:25,16.71,69,115299,1
10:41:22,16.7,41,68470,1
10:41:19,16.69,69,115161,-1
10:41:16,16.7,21,35070,1
10:41:13,16.7,585,976950,1
10:41:10,16.7,76,126920,1
10:41:07,16.7,22,36740,1
10:41:04,16.7,40,66800,1
10:41:01,16.7,6,10020,1
10:40:58,16.7,49,81830,1
10:40:55,16.71,233,389343,1
10:40:52,16.7,56,93520,-1
10:40:49,16.7,8,13360,-1
10:40:46,16.7,19,31730,-1
10:40:43,16.69,101,168569,-1
10:40:40,16.7,15,25050,1
10:40:37,16.68,25,41700,-1
10:40:34,16.7,100,167000,1
10:40:31,16.69,6,10014,1
10:40:28,16.68,296,493728,1
10:40:25,16.67,55,91685,-1
10:40:22,16.67,43,71681,-1
10:40:19,16.67,23,38341,0
10:40:16,16.66,96,159936,-1
10:40:13,16.67,150,250050,1
10:40:10,16.66,28,46648,1
10:40:07,16.66,195,324870,-1
10:40:04,16.67,38,63346,1
10:40:01,16.66,21,34986,-1
10:39:58,16.67,23,38341,1
10:39:55,16.67,96,160032,1
10:39:52,16.67,33,55011,-1
10:39:49,16.68,14,23352,1
10:39:46,16.67,178,296726,-1
10:39:43,16.67,155,258385,-1
10:39:40,16.68,419,698892,-1
10:39:37,16.68,15,25020,0
10:39:34,16.69,33,55077,1
10:39:31,16.67,150,250050,-1
10:39:28,16.69,30,50070,1
10:39:25,16.69,177,295413,1
10:39:22,16.7,15,25050,1
10:39:19,16.7,111,185370,1
10:39:16,16.7,12,20040,0
10:39:13,16.71,285,476235,1
10:39:10,16.7,16,26720,0
10:39:07,16.71,25,41775,1
10:39:04,16.69,82,136858,-1
10:39:01,16.71,360,601560,-1
10:38:58,16.71,10,16710,-1
10:38:55,16.72,38,63535,0
10:38:52,16.75,137,229475,1
10:38:49,16.72,12,20064,-1
10:38:46,16.75,1,1675,1
10:38:43,16.77,6,10062,1
10:38:40,16.77,95,159315,1
10:38:37,16.73,478,799694,-1
10:38:34,16.75,197,329975,-1
10:38:31,16.78,121,203038,1
10:38:28,16.77,18,30186,-1
10:38:25,16.78,21,35238,1
10:38:22,16.78,42,70476,-1
10:38:19,16.79,108,181332,1
10:38:16,16.77,123,206271,-1
10:38:13,16.79,52,87308,1
10:38:10,16.79,1746,2931534,-1
10:38:07,16.79,28,47012,-1
10:38:04,16.79,13,21827,0
10:38:01,16.82,753,1266546,1
10:37:58,16.79,14,23506,1
10:37:55,16.79,42,70518,1
10:37:52,16.81,829,1393549,1
10:37:49,16.77,131,219687,-1
10:37:46,16.77,74,124098,-1
10:37:43,16.77,121,202917,-1
10:37:40,16.77,1670,2800590,-1
10:37:37,16.77,121,202917,-1
10:37:34,16.77,87,145899,-1
10:37:31,16.77,247,414219,1
10:37:28,16.74,84,140616,-1
10:37:25,16.74,292,488807,-1
10:37:22,16.74,28,46871,0
10:37:19,16.74,112,187487,-1
10:37:16,16.74,60,100439,1
10:37:13,16.72,35,58519,-1
10:37:10,16.74,206,344843,1
10:37:07,16.73,55,92015,-1
10:37:04,16.74,55,92069,1
10:37:01,16.73,36,60228,-1
10:36:58,16.73,65,108745,-1
10:36:55,16.74,52,87047,1
10:36:52,16.73,87,145551,0
10:36:49,16.72,120,200640,-1
10:36:46,16.72,140,234079,-1
10:36:43,16.72,5,8360,-1
10:36:40,16.72,62,103664,-1
10:36:37,16.72,58,96976,-1
10:36:34,16.72,317,530024,1
10:36:31,16.7,221,369070,-1
10:36:28,16.71,26,43446,-1
10:36:25,16.71,195,325845,-1
10:36:22,16.74,31,51893,-1
10:36:19,16.74,328,549072,1
10:36:16,16.72,39,65207,-1
10:36:13,16.74,135,225989,1
10:36:10,16.73,135,225855,-1
10:36:07,16.74,93,155682,-1
10:36:04,16.74,528,883871,-1
10:36:01,16.75,129,216075,-1
10:35:58,16.77,33,55341,1
10:35:55,16.76,134,224584,-1
10:35:52,16.77,1068,1791036,-1
10:35:49,16.78,63,105714,-1
10:35:46,16.79,196,329084,1
10:35:43,16.78,765,1283670,-1
10:35:40,16.8,123,206640,1
10:35:37,16.79,136,228344,-1
10:35:34,16.8,121,203280,1
10:35:31,16.8,39,65520,0
10:35:28,16.81,880,1479280,-1
10:35:25,16.82,130,218660,1
10:35:22,16.81,154,258873,-1
10:35:19,16.82,204,343128,1
10:35:16,16.81,265,445464,-1
10:35:13,16.81,424,712744,-1
10:35:10,16.82,117,196794,-1
10:35:06,16.82,326,548332,-1
10:35:04,16.82,196,329672,1
10:35:01,16.81,227,381587,-1
10:34:58,16.82,386,649252,1
10:34:55,16.81,196,329476,-1
10:34:52,16.81,517,869076,-1
10:34:49,16.82,562,945284,1
10:34:46,16.8,325,546000,-1
10:34:43,16.81,146,245425,1
10:34:39,16.81,283,475722,1
10:34:37,16.8,183,307440,-1
10:34:34,16.8,255,428400,-1
10:34:31,16.81,162,272322,1
10:34:28,16.81,240,403439,1
10:34:24,16.81,69,115988,1
10:34:22,16.81,245,411844,1
10:34:18,16.8,251,421680,1
10:34:16,16.8,208,349440,1
10:34:13,16.79,256,429824,-1
10:34:09,16.81,195,327795,-1
10:34:07,16.82,157,264074,1
10:34:04,16.78,467,783626,-1
10:34:00,16.79,219,367701,-1
10:33:58,16.8,997,1675228,1
10:33:55,16.77,732,1227564,-1
10:33:51,16.78,59,99002,-1
10:33:48,16.78,120,201360,-1
10:33:45,16.78,457,766846,1
10:33:42,16.77,308,516516,-1
10:33:39,16.77,237,397449,-1
10:33:36,16.77,374,627198,1
10:33:33,16.77,452,758004,1
10:33:30,16.75,419,701825,-1
10:33:27,16.75,78,130650,-1
10:33:24,16.75,271,453925,-1
10:33:21,16.76,38,63688,1
10:33:18,16.75,609,1020075,1
10:33:15,16.74,391,654533,1
10:33:12,16.74,300,502199,-1
10:33:09,16.75,108,182173,1
10:33:06,16.72,547,914583,-1
10:33:03,16.7,139,232130,-1
10:33:00,16.72,131,219031,1
10:32:57,16.7,893,1491310,1
10:32:54,16.69,1669,2785561,1
10:32:51,16.67,416,693472,1
10:32:48,16.66,629,1047914,1
10:32:45,16.65,40,66600,-1
10:32:42,16.66,116,193256,1
10:32:39,16.65,76,126539,-1
10:32:36,16.65,55,91574,1
10:32:33,16.65,89,148185,1
10:32:30,16.64,98,163072,-1
10:32:27,16.64,116,193024,1
10:32:24,16.65,228,379619,1
10:32:21,16.65,128,213119,1
10:32:18,16.65,206,342989,1
10:32:15,16.65,96,159840,-1
10:32:12,16.66,154,256564,1
10:32:09,16.66,243,404838,1
10:32:06,16.65,95,158175,-1
10:32:03,16.65,183,304695,-1
10:32:00,16.65,1302,2167830,1
10:31:57,16.64,156,259584,1
10:31:54,16.63,226,375838,-1
10:31:51,16.64,629,1046656,-1
10:31:48,16.64,197,327808,-1
10:31:45,16.64,69,114816,-1
10:31:42,16.65,103,171494,1
10:31:39,16.64,86,143104,1
10:31:36,16.64,117,194688,1
10:31:33,16.63,563,936269,-1
10:31:30,16.64,314,522496,-1
10:31:27,16.63,478,794914,-1
10:31:24,16.65,286,476189,1
10:31:21,16.63,151,251112,1
10:31:18,16.63,75,124724,-1
10:31:15,16.64,142,236288,1
10:31:12,16.63,68,113084,0
10:31:09,16.62,250,415500,-1
10:31:06,16.62,424,704688,-1
10:31:03,16.63,172,286036,1
10:31:00,16.61,138,229218,-1
10:30:57,16.62,83,137946,-1
10:30:54,16.63,916,1523308,1
10:30:51,16.61,84,139524,-1
10:30:48,16.61,57,94677,-1
10:30:45,16.61,13,21593,1
10:30:42,16.61,98,162778,1
10:30:39,16.6,17,28220,-1
10:30:36,16.61,44,73084,1
10:30:33,16.6,472,783520,1
10:30:30,16.6,445,738700,1
10:30:27,16.59,181,300279,-1
10:30:24,16.6,91,151060,1
10:30:21,16.59,101,167559,-1
10:30:18,16.59,26,43134,-1
10:30:15,16.59,222,368298,1
10:30:12,16.58,263,436053,-1
10:30:09,16.59,262,434658,1
10:30:06,16.58,70,116059,-1
10:30:03,16.58,412,683095,1
10:30:00,16.58,559,926821,1
10:29:57,16.58,488,809103,1
10:29:54,16.57,53,87821,-1
10:29:50,16.57,34,56338,-1
10:29:48,16.57,27,44739,-1
10:29:45,16.57,386,640828,1
10:29:42,16.56,78,129167,-1
10:29:35,16.57,104,172328,1
10:29:33,16.56,84,139104,-1
10:29:30,16.56,14,23184,-1
10:29:26,16.56,8,13247,1
10:29:24,16.56,89,147384,1
10:29:21,16.56,38,62927,1
10:29:18,16.55,129,213495,-1
10:29:15,16.55,344,569320,-1
10:29:12,16.55,286,473330,-1
10:29:04,16.55,10,16550,-1
10:29:01,16.53,189,312912,-1
10:28:58,16.55,76,125780,1
10:28:55,16.55,34,56270,1
10:28:52,16.55,2,3310,1
10:28:49,16.55,22,36410,1
10:28:46,16.52,12,19824,-1
10:28:43,16.55,1011,1673205,1
10:28:40,16.54,0,0,1
10:28:37,16.54,37,61198,1
10:28:34,16.52,100,165200,-1
10:28:31,16.52,12,19824,-1
10:28:25,16.54,3,4962,1
10:28:22,16.52,8,13216,0
10:28:19,16.53,342,565326,1
10:28:16,16.52,62,102424,1
10:28:13,16.51,163,270268,-1
10:28:10,16.52,6,9912,1
10:28:07,16.51,5,8255,-1
10:28:04,16.51,31,51181,-1
10:28:01,16.51,4,6604,-1
10:27:58,16.51,9,14859,-1
10:27:55,16.51,46,75946,-1
10:27:52,16.52,23,38491,1
10:27:49,16.51,50,82550,1
10:27:43,16.5,71,117150,-1
10:27:40,16.5,7,11550,-1
10:27:37,16.5,3,4950,-1
10:27:34,16.5,140,231000,1
10:27:31,16.5,3,4950,1
10:27:28,16.5,11,18150,-1
10:27:25,16.5,38,62700,1
10:27:22,16.5,54,89100,1
10:27:19,16.49,55,90694,1
10:27:16,16.49,304,501295,-1
10:27:13,16.5,79,130350,1
10:27:10,16.49,39,64310,-1
10:27:07,16.5,3,4950,1
10:27:04,16.5,72,118800,1
10:27:01,16.5,6,9900,1
10:26:58,16.5,81,133650,1
10:26:52,16.5,20,33000,1
10:26:49,16.5,11,18150,1
10:26:46,16.5,25,41250,1
10:26:43,16.5,539,889350,-1
10:26:40,16.51,5,8255,1
10:26:37,16.51,29,47879,1
10:26:34,16.51,62,103517,-1
10:26:31,16.51,10,16510,-1
10:26:25,16.51,34,56134,-1
10:26:22,16.51,73,120523,-1
10:26:19,16.51,57,94107,-1
10:26:16,16.51,224,369824,-1
10:26:13,16.52,8,13216,1
10:26:10,16.51,17,28067,-1
10:26:07,16.52,226,373352,-1
10:26:04,16.52,41,67732,-1
10:26:01,16.53,15,24795,1
10:25:58,16.52,164,271423,1
10:25:55,16.52,74,122248,1
10:25:52,16.52,13,21476,1
10:25:49,16.51,70,115570,-1
10:25:46,16.52,10,16520,1
10:25:43,16.52,77,127204,1
10:25:40,16.51,84,138684,-1
10:25:37,16.51,4,6604,-1
10:25:34,16.52,2,3304,1
10:25:31,16.51,25,41275,-1
10:25:28,16.53,60,99180,1
10:25:25,16.52,109,180068,1
10:25:22,16.51,12,19812,1
10:25:19,16.51,36,59436,1
10:25:16,16.51,3,4953,1
10:25:13,16.51,22,36322,-1
10:25:10,16.53,184,304152,1
10:25:07,16.53,36,59508,1
10:25:04,16.53,72,119016,1
10:25:01,16.52,6,9912,1
10:24:58,16.51,6,9906,-1
10:24:55,16.52,130,214760,-1
10:24:52,16.53,29,47937,1
10:24:49,16.53,1,1653,1
10:24:46,16.53,88,145464,-1
10:24:43,16.54,50,82700,1
10:24:40,16.53,165,272745,-1
10:24:37,16.54,174,287796,1
10:24:34,16.53,30,49590,-1
10:24:31,16.54,238,393652,-1
10:24:28,16.55,175,289625,1
10:24:25,16.55,18,29790,1
10:24:22,16.55,19,31445,1
10:24:19,16.54,21,34734,-1
10:24:16,16.55,1251,2070405,1
10:24:13,16.56,190,314640,1
10:24:10,16.55,42,69510,1
10:24:07,16.55,92,152260,-1
10:24:04,16.55,50,82750,-1
10:24:01,16.55,165,273075,-1
10:23:58,16.55,100,165500,-1
10:23:55,16.56,73,120887,1
10:23:52,16.56,229,379223,1
10:23:49,16.54,86,142244,1
10:23:46,16.54,476,787734,-1
10:23:43,16.55,952,1576784,1
10:23:40,16.55,122,201910,1
10:23:37,16.55,200,331000,1
10:23:34,16.55,58,95990,1
10:23:31,16.55,107,177085,1
10:23:28,16.54,174,287796,1
10:23:25,16.54,440,727760,-1
10:23:22,16.54,286,473044,-1
10:23:19,16.54,112,185248,1
10:23:16,16.53,339,560367,-1
10:23:13,16.53,29,47937,-1
10:23:10,16.54,509,841886,1
10:23:07,16.53,35,57855,-1
10:23:04,16.53,126,208278,1
10:23:01,16.51,0,0,-1
10:22:58,16.51,495,817245,-1
10:22:55,16.51,23,37973,-1
10:22:52,16.52,496,819392,1
10:22:49,16.5,55,90750,-1
10:22:46,16.5,224,369600,-1
10:22:43,16.51,112,184912,1
10:22:40,16.5,627,1034550,-1
10:22:37,16.5,10,16500,-1
10:22:34,16.5,219,361350,1
10:22:31,16.5,22,36300,1
10:22:28,16.49,73,120376,-1
10:22:25,16.5,112,184800,1
10:22:22,16.49,17,28032,-1
10:22:19,16.5,35,57750,1
10:22:16,16.49,45,74205,-1
10:22:13,16.49,48,79151,-1
10:22:10,16.5,185,305250,1
10:22:07,16.5,63,103950,1
10:22:04,16.49,12,19787,-1
10:22:01,16.49,31,51118,1
10:21:58,16.49,19,31330,1
10:21:55,16.48,25,41200,-1
10:21:52,16.49,12,19787,1
10:21:49,16.49,12,19787,1
10:21:46,16.49,70,115429,-1
10:21:43,16.5,10,16500,1
10:21:40,16.49,223,367726,1
10:21:37,16.49,7,11542,1
10:21:34,16.49,22,36278,1
10:21:31,16.48,33,54384,-1
10:21:28,16.47,70,115289,-1
10:21:25,16.48,92,151616,1
10:21:22,16.48,107,176336,1
10:21:19,16.48,49,80752,1
10:21:16,16.48,27,44496,1
10:21:13,16.47,305,502334,1
10:21:10,16.46,27,44442,-1
10:21:07,16.47,24,39528,1
10:21:04,16.47,19,31292,1
10:21:01,16.47,10,16470,-1
10:20:58,16.48,45,74160,1
10:20:55,16.48,22,36256,1
10:20:52,16.47,2,3294,-1
10:20:49,16.48,87,143376,1
10:20:46,16.47,50,82350,-1
10:20:43,16.48,9,14832,1
10:20:40,16.48,79,130192,0
10:20:37,16.49,103,169846,1
10:20:34,16.46,6,9876,-1
10:20:31,16.47,47,77409,1
10:20:28,16.47,53,87291,-1
10:20:25,16.49,11,18139,1
10:20:22,16.49,51,84098,-1
10:20:19,16.49,39,64310,1
10:20:16,16.48,25,41200,1
10:20:13,16.48,228,375744,-1
10:20:10,16.49,228,375971,1
10:20:07,16.48,104,171392,-1
10:20:04,16.49,24,39575,1
10:20:01,16.49,12,19787,1
10:19:58,16.49,12,19787,1
10:19:55,16.49,11,18139,1
10:19:52,16.49,219,361130,-1
10:19:49,16.5,76,125400,1
10:19:46,16.5,39,64350,1
10:19:43,16.5,149,245850,1
10:19:40,16.5,118,194700,1
10:19:37,16.5,10,16500,1
10:19:34,16.5,134,221100,1
10:19:31,16.5,649,1070850,-1
10:19:28,16.5,33,54450,-1
10:19:25,16.51,26,42926,1
10:19:22,16.51,82,135382,1
10:19:19,16.51,7,11557,1
10:19:16,16.51,87,143637,1
10:19:13,16.51,74,122174,-1
10:19:10,16.51,102,168402,-1
10:19:07,16.52,15,24780,1
10:19:04,16.52,181,299012,1
10:19:01,16.51,51,84201,-1
10:18:58,16.52,136,224672,1
10:18:55,16.52,127,209804,1
10:18:52,16.52,122,201544,1
10:18:49,16.52,74,122248,1
10:18:46,16.51,122,201422,-1
10:18:43,16.52,102,168504,-1
10:18:40,16.52,73,120596,-1
10:18:37,16.53,62,102486,1
10:18:34,16.52,126,208152,1
10:18:31,16.52,3,4956,1
10:18:28,16.52,132,218064,1
10:18:25,16.52,182,300664,-1
10:18:22,16.53,239,395067,1
10:18:19,16.52,628,1037456,1
10:18:16,16.52,12,19824,1
10:18:13,16.52,366,604632,-1
10:18:10,16.52,168,277536,-1
10:18:07,16.53,139,229767,1
10:18:04,16.53,47,77691,1
10:18:01,16.52,19,31388,-1
10:17:58,16.53,42,69426,1
10:17:55,16.51,98,161798,-1
10:17:52,16.51,1,1651,-1
10:17:49,16.51,98,161798,-1
10:17:46,16.51,401,662051,1
10:17:43,16.51,23,37973,1
10:17:40,16.5,11,18150,-1
10:17:37,16.5,1689,2786850,1
10:17:34,16.5,134,221100,1
10:17:31,16.49,16,26383,1
10:17:28,16.49,301,496348,1
10:17:25,16.49,14,23085,1
10:17:22,16.49,127,209422,1
10:17:19,16.49,93,153357,1
10:17:16,16.49,26,42873,-1
10:17:13,16.49,122,201177,-1
10:17:10,16.49,183,301767,-1
10:17:07,16.49,789,1301060,1
10:17:04,16.49,219,361130,1
10:17:01,16.48,49,80752,-1
10:16:58,16.49,94,155005,1
10:16:55,16.48,70,115360,-1
10:16:52,16.48,72,118656,-1
10:16:49,16.48,1006,1657888,1
10:16:46,16.47,145,238814,1
10:16:43,16.47,52,85644,1
10:16:40,16.47,187,307989,1
10:16:37,16.47,87,143289,1
10:16:34,16.47,35,57644,1
10:16:31,16.46,124,204104,-1
10:16:28,16.47,182,299754,1
10:16:25,16.45,221,363545,1
10:16:22,16.45,107,176015,-1
10:16:19,16.45,26,42770,-1
10:16:16,16.45,56,92120,-1
10:16:13,16.45,116,190820,-1
10:16:10,16.45,94,154630,1
10:16:07,16.45,21,34545,1
10:16:04,16.45,152,250040,1
10:16:01,16.45,24,39480,1
10:15:58,16.45,96,157920,1
10:15:55,16.45,103,169435,-1
10:15:52,16.46,231,380226,-1
10:15:49,16.47,269,443042,1
10:15:46,16.46,48,79008,-1
10:15:43,16.47,203,334341,1
10:15:40,16.47,145,238814,1
10:15:37,16.47,67,110348,1
10:15:34,16.47,142,233873,1
10:15:31,16.47,76,125171,1
10:15:28,16.47,70,115289,1
10:15:25,16.47,62,102114,-1
10:15:22,16.48,101,166448,1
10:15:19,16.47,102,167994,-1
10:15:16,16.47,115,189405,-1
10:15:13,16.47,351,578097,1
10:15:10,16.46,335,551410,-1
10:15:07,16.46,72,118512,-1
10:15:04,16.47,17,27998,1
10:15:01,16.46,130,213980,1
10:14:58,16.46,100,164600,1
10:14:55,16.45,87,143115,0
10:14:52,16.44,212,348528,-1
10:14:48,16.45,28,46060,1
10:14:45,16.45,142,233590,1
10:14:43,16.44,720,1183680,1
10:14:40,16.44,111,182484,1
10:14:37,16.43,36,59148,1
10:14:33,16.43,12,19716,1
10:14:31,16.43,134,220162,1
10:14:27,16.42,333,546786,1
10:14:25,16.41,332,544812,1
10:14:21,16.41,22,36102,1
10:14:19,16.41,7,11487,1
10:14:15,16.41,49,80409,1
10:14:13,16.4,11,18040,-1
10:14:09,16.4,65,106599,-1
10:14:06,16.4,16,26239,-1
10:14:04,16.41,6,9846,1
10:14:01,16.4,76,124639,1
10:13:57,16.39,26,42614,-1
10:13:54,16.39,56,91784,0
10:13:51,16.4,759,1244760,1
10:13:49,16.39,12,19668,1
10:13:45,16.39,293,480227,1
10:13:42,16.38,16,26208,1
10:13:39,16.38,235,384930,1
10:13:37,16.38,43,70434,1
10:13:33,16.38,46,75348,1
10:13:30,16.38,1,1638,1
10:13:27,16.38,24,39312,1
10:13:24,16.38,87,142506,-1
10:13:21,16.39,16,26224,1
10:13:18,16.39,16,26224,-1
10:13:15,16.39,9,14751,-1
10:13:12,16.38,10,16379,1
10:13:09,16.38,35,57330,1
10:13:06,16.38,21,34398,1
10:13:03,16.38,82,134316,-1
10:13:00,16.39,700,1147300,1
10:12:57,16.39,71,116369,1
10:12:54,16.38,19,31121,-1
10:12:51,16.39,10,16390,1
10:12:48,16.36,57,93252,-1
10:12:45,16.38,174,285012,1
10:12:42,16.37,62,101494,-1
10:12:39,16.38,48,78624,1
10:12:36,16.38,4,6552,1
10:12:33,16.38,2,3276,1
10:12:30,16.38,7,11466,1
10:12:24,16.38,7,11466,1
10:12:21,16.38,41,67158,1
10:12:18,16.38,27,44226,1
10:12:15,16.38,19,31121,1
10:12:12,16.38,3,4914,1
10:12:09,16.38,84,137592,1
10:12:06,16.38,14,22932,1
10:12:03,16.38,68,111384,1
10:12:00,16.38,227,371826,1
10:11:57,16.37,42,68754,-1
10:11:54,16.38,24,39312,1
10:11:51,16.38,142,232596,1
10:11:48,16.38,5,8189,1
10:11:45,16.38,57,93366,1
10:11:42,16.37,6,9822,-1
10:11:39,16.38,6,9828,1
10:11:36,16.38,96,157248,1
10:11:33,16.37,36,58932,1
10:11:30,16.37,216,353592,-1
10:11:27,16.39,205,335995,1
10:11:24,16.39,42,68838,1
10:11:21,16.39,78,127842,1
10:11:18,16.39,32,52448,1
10:11:15,16.39,13,21307,1
10:11:12,16.39,114,186846,1
10:11:09,16.39,40,65560,1
10:11:06,16.39,79,129481,1
10:11:03,16.38,17,27846,-1
10:11:00,16.39,1,1639,1
10:10:57,16.39,19,31141,1
10:10:54,16.39,95,155705,1
10:10:51,16.38,121,198198,1
10:10:48,16.38,10,16379,1
10:10:45,16.38,54,88452,1
10:10:42,16.38,59,96642,1
10:10:39,16.38,76,124487,1
10:10:36,16.37,24,39288,-1
10:10:33,16.38,55,90090,1
10:10:30,16.38,51,83538,1
10:10:27,16.37,60,98220,1
10:10:24,16.37,8,13096,1
10:10:21,16.37,106,173522,1
10:10:18,16.36,37,60532,-1
10:10:15,16.37,101,165337,1
10:10:12,16.37,20,32740,1
10:10:08,16.37,37,60569,1
10:10:06,16.37,17,27829,1
10:10:03,16.37,7,11459,1
10:10:00,16.37,84,137508,1
10:09:57,16.37,1,1637,1
10:09:54,16.36,8,13088,-1
10:09:51,16.36,13,21268,-1
10:09:48,16.36,79,129407,1
10:09:43,16.36,6,9816,1
10:09:40,16.36,62,101432,1
10:09:37,16.36,4,6544,1
10:09:34,16.36,13,21268,1
10:09:31,16.36,36,58896,1
10:09:28,16.36,10,16360,1
10:09:25,16.36,3,4908,1
10:09:22,16.36,30,49080,1
10:09:19,16.36,5,8180,1
10:09:16,16.36,17,27812,1
10:09:13,16.36,33,53988,1
10:09:10,16.36,279,456444,1
10:09:07,16.36,7,11452,1
10:09:04,16.36,13,21268,1
10:09:01,16.35,114,186390,-1
10:08:58,16.35,39,63765,-1
10:08:55,16.36,3,4908,1
10:08:52,16.36,57,93252,1
10:08:49,16.36,87,142332,1
10:08:46,16.35,8,13080,-1
10:08:43,16.36,2,3272,1
10:08:40,16.36,16,26176,1
10:08:37,16.35,25,40875,-1
10:08:34,16.36,4,6544,1
10:08:31,16.36,5,8180,1
10:08:28,16.36,54,88344,1
10:08:25,16.35,74,120990,-1
10:08:22,16.36,12,19632,1
10:08:19,16.35,34,55590,-1
10:08:16,16.36,21,34356,1
10:08:13,16.36,23,37628,1
10:08:10,16.36,49,80164,1
10:08:07,16.35,4,6540,-1
10:08:04,16.36,57,93252,1
10:08:01,16.36,9,14724,1
10:07:58,16.36,15,24540,1
10:07:55,16.36,16,26176,1
10:07:52,16.36,4,6544,1
10:07:46,16.35,14,22890,-1
10:07:43,16.36,1,1636,1
10:07:40,16.36,38,62168,1
10:07:37,16.35,45,73575,-1
10:07:34,16.36,11,17996,1
10:07:31,16.36,7,11452,1
10:07:28,16.36,85,139060,1
10:07:25,16.35,8,13080,-1
10:07:22,16.35,11,17985,-1
10:07:19,16.35,19,31065,-1
10:07:16,16.36,15,24540,1
10:07:13,16.35,6,9810,-1
10:07:10,16.36,11,17996,1
10:07:07,16.36,8,13088,1
10:07:04,16.35,5,8175,-1
10:07:01,16.36,2,3272,1
10:06:58,16.36,6,9816,1
10:06:55,16.36,117,191412,1
10:06:52,16.36,17,27812,1
10:06:49,16.35,63,103005,-1
10:06:46,16.35,36,58860,-1
10:06:43,16.35,91,148785,-1
10:06:40,16.36,36,58896,1
10:06:37,16.36,24,39264,1
10:06:34,16.35,36,58860,-1
10:06:31,16.36,248,405728,1
10:06:28,16.35,62,101370,1
10:06:25,16.35,12,19620,1
10:06:22,16.35,35,57225,1
10:06:19,16.35,4,6540,1
10:06:16,16.34,27,44118,-1
10:06:13,16.35,2,3270,1
10:06:10,16.34,26,42484,-1
10:06:07,16.35,23,37605,1
10:06:04,16.35,35,57225,-1
10:06:01,16.35,49,80115,-1
10:05:58,16.35,9,14715,-1
10:05:55,16.35,25,40875,1
10:05:52,16.35,56,91560,1
10:05:49,16.35,3,4905,1
10:05:46,16.35,1,1635,1
10:05:43,16.34,11,17974,-1
10:05:40,16.35,32,52320,1
10:05:37,16.35,108,176580,-1
10:05:34,16.36,16,26176,1
10:05:31,16.35,53,86655,-1
10:05:28,16.35,13,21255,-1
10:05:25,16.36,9,14724,1
10:05:22,16.36,22,35992,1
10:05:19,16.36,24,39264,1
10:05:16,16.35,106,173310,-1
10:05:13,16.36,29,47444,1
10:05:10,16.36,42,68712,1
10:05:07,16.36,3,4908,1
10:05:04,16.36,78,127608,1
10:05:01,16.35,43,70305,1
10:04:58,16.35,1,1635,0
10:04:55,16.36,30,49080,1
10:04:52,16.35,24,39240,0
10:04:49,16.35,8,13080,1
10:04:46,16.35,71,116085,1
10:04:43,16.35,5,8175,1
10:04:40,16.35,1,1635,1
10:04:37,16.35,17,27795,1
10:04:34,16.35,239,390765,-1
10:04:31,16.36,12,19632,-1
10:04:28,16.36,13,21268,1
10:04:25,16.36,15,24540,1
10:04:22,16.36,70,114520,1
10:04:19,16.35,85,138975,-1
10:04:16,16.35,12,19620,-1
10:04:13,16.35,12,19620,-1
10:04:10,16.35,108,176580,-1
10:04:07,16.36,6,9816,1
10:04:04,16.36,67,109612,1
10:04:01,16.36,11,17996,1
10:03:58,16.36,16,26176,1
10:03:55,16.36,14,22904,1
10:03:52,16.36,53,86708,1
10:03:49,16.36,205,335380,1
10:03:46,16.35,16,26160,-1
10:03:43,16.36,12,19632,1
10:03:40,16.36,18,29448,0
10:03:37,16.37,62,101494,1
10:03:34,16.36,205,335380,-1
10:03:31,16.36,106,173416,-1
10:03:28,16.38,6,9828,1
10:03:25,16.38,125,204750,1
10:03:22,16.36,235,384460,-1
10:03:19,16.37,254,415798,1
10:03:16,16.36,47,76892,1
10:03:13,16.35,64,104640,0
10:03:10,16.36,39,63804,1
10:03:07,16.35,50,81750,1
10:03:04,16.35,94,153690,-1
10:03:01,16.36,2,3272,1
10:02:58,16.36,13,21268,1
10:02:55,16.36,3,4908,1
10:02:52,16.35,51,83385,-1
10:02:49,16.36,33,53988,1
10:02:46,16.36,16,26176,1
10:02:43,16.35,31,50685,-1
10:02:40,16.36,16,26176,1
10:02:37,16.36,1,1636,0
10:02:34,16.35,73,119355,-1
10:02:31,16.36,29,47444,1
10:02:28,16.36,153,250308,1
10:02:25,16.35,17,27795,-1
10:02:22,16.36,2,3272,1
10:02:19,16.36,269,440084,1
10:02:16,16.35,12,19620,1
10:02:13,16.35,226,369510,1
10:02:10,16.35,267,436545,1
10:02:07,16.33,4,6531,-1
10:02:04,16.33,203,331498,-1
10:02:01,16.34,16,26144,1
10:01:58,16.34,221,361114,1
10:01:55,16.34,66,107844,1
10:01:52,16.34,8,13072,1
10:01:49,16.34,18,29412,1
10:01:46,16.34,206,336604,1
10:01:43,16.33,4,6531,1
10:01:40,16.33,26,42457,1
10:01:37,16.33,4,6531,1
10:01:34,16.33,4,6531,1
10:01:31,16.33,9,14696,1
10:01:28,16.33,52,84915,1
10:01:25,16.33,25,40824,1
10:01:22,16.33,7,11430,1
10:01:19,16.33,200,326599,1
10:01:16,16.31,41,66871,-1
10:01:13,16.32,64,104448,1
10:01:10,16.32,24,39168,1
10:01:07,16.31,21,34251,-1
10:01:04,16.32,5,8160,1
10:01:01,16.31,5,8154,-1
10:00:58,16.32,5,8160,1
10:00:52,16.32,13,21216,1
10:00:49,16.32,9,14688,0
10:00:46,16.33,32,52255,1
10:00:43,16.32,81,132192,-1
10:00:40,16.33,249,406616,1
10:00:37,16.32,5,8160,1
10:00:34,16.32,90,146880,1
10:00:31,16.32,5,8160,1
10:00:28,16.32,3,4896,1
10:00:25,16.31,66,107645,-1
10:00:22,16.32,2,3264,1
10:00:19,16.32,7,11424,1
10:00:16,16.32,70,114240,1
10:00:13,16.32,56,91392,1
10:00:10,16.32,6,9792,1
10:00:07,16.32,134,218688,-1
10:00:04,16.33,17,27760,1
10:00:01,16.33,13,21228,1
09:59:58,16.33,23,37558,1
09:59:55,16.33,64,104511,1
09:59:52,16.33,239,390286,1
09:59:49,16.33,29,47356,1
09:59:46,16.33,21,34293,1
09:59:43,16.33,187,305370,1
09:59:40,16.32,59,96288,-1
09:59:37,16.33,1,1632,1
09:59:34,16.33,5,8164,1
09:59:31,16.33,5,8164,1
09:59:28,16.33,3,4898,1
09:59:25,16.33,56,91447,1
09:59:22,16.33,6,9797,1
09:59:19,16.33,48,78383,1
09:59:13,16.32,10,16320,-1
09:59:10,16.33,8,13063,1
09:59:07,16.33,4,6531,1
09:59:04,16.33,91,148602,1
09:59:01,16.33,109,177996,1
09:58:58,16.33,73,119208,-1
09:58:55,16.34,37,60458,1
09:58:52,16.34,115,187910,1
09:58:49,16.33,8,13063,1
09:58:46,16.33,71,115942,-1
09:58:43,16.34,27,44118,1
09:58:40,16.34,31,50654,1
09:58:37,16.34,2,3268,1
09:58:34,16.33,12,19595,1
09:58:31,16.32,14,22848,-1
09:58:28,16.33,54,88181,1
09:58:25,16.33,148,241683,-1
09:58:22,16.34,6,9804,1
09:58:19,16.34,4,6536,1
09:58:16,16.33,39,63686,1
09:58:13,16.33,13,21228,1
09:58:10,16.32,74,120768,-1
09:58:07,16.33,12,19595,1
09:58:04,16.33,12,19595,1
09:58:01,16.33,24,39191,1
09:57:58,16.33,41,66953,1
09:57:55,16.33,6,9797,1
09:57:52,16.32,27,44064,-1
09:57:49,16.33,10,16329,0
09:57:46,16.32,35,57120,-1
09:57:43,16.34,21,34314,1
09:57:40,16.34,74,120916,1
09:57:37,16.32,47,76704,0
09:57:34,16.33,123,202181,1
09:57:31,16.32,90,146880,1
09:57:28,16.31,70,114169,-1
09:57:25,16.32,19,31008,1
09:57:22,16.31,58,94597,-1
09:57:19,16.31,35,57084,-1
09:57:15,16.31,47,76657,-1
09:57:13,16.32,32,52224,1
09:57:10,16.31,44,71764,-1
09:57:07,16.32,31,50592,-1
09:57:04,16.31,57,92966,-1
09:57:00,16.32,158,257856,-1
09:56:58,16.34,133,217322,1
09:56:55,16.33,170,277610,1
