timestamp,price,volume,turnover,direction
15:00:00,16.18,0,0,1
15:00:00,16.18,0,0,1
15:00:00,16.18,36,58248,1
14:59:59,16.17,129,208593,-1
14:59:57,16.17,10,16170,-1
14:59:54,16.17,43,69531,-1
14:59:51,16.18,50,80900,1
14:59:48,16.18,269,435242,1
14:59:42,16.18,70,113260,1
14:59:39,16.18,68,110024,1
14:59:36,16.17,22,35574,-1
14:59:33,16.17,12,19404,-1
14:59:30,16.17,36,58212,-1
14:59:27,16.18,192,310656,1
14:59:24,16.18,30,48540,1
14:59:21,16.18,51,82518,1
14:59:18,16.18,122,197396,1
14:59:15,16.17,5,8085,-1
14:59:12,16.18,41,66338,1
14:59:09,16.17,3,4851,-1
14:59:06,16.17,36,58212,-1
14:59:03,16.17,18,29106,-1
14:59:00,16.17,15,24255,-1
14:58:57,16.17,57,92169,-1
14:58:54,16.18,6,9708,1
14:58:51,16.17,16,25872,-1
14:58:48,16.17,2,3234,-1
14:58:45,16.18,10,16180,1
14:58:39,16.17,55,88935,-1
14:58:36,16.18,1,1618,1
14:58:33,16.18,19,30742,1
14:58:27,16.19,125,202375,1
14:58:24,16.18,157,254657,-1
14:58:21,16.18,84,135912,-1
14:58:18,16.19,59,95521,1
14:58:15,16.18,15,24270,-1
14:58:12,16.18,531,859158,-1
14:58:09,16.19,28,45332,1
14:58:06,16.19,96,155424,1
14:58:03,16.18,27,43686,-1
14:58:00,16.19,20,32380,1
14:57:57,16.19,27,43713,1
14:57:54,16.19,8,12952,1
14:57:51,16.18,166,268588,-1
14:57:48,16.19,15,24285,1
14:57:45,16.18,20,32360,-1
14:57:42,16.18,29,46922,-1
14:57:39,16.19,4,6476,1
14:57:36,16.18,56,90608,-1
14:57:33,16.18,6,10694,-1
14:57:30,16.18,8,12944,-1
14:57:24,16.18,38,61484,-1
14:57:18,16.18,10,16180,-1
14:57:15,16.19,11,17809,1
14:57:12,16.19,37,59903,1
14:57:09,16.18,220,355960,-1
14:57:06,16.19,5,8095,-1
14:57:03,16.19,21,33999,1
14:57:00,16.19,93,150567,1
14:56:57,16.19,10,16190,1
14:56:54,16.18,44,71192,-1
14:56:51,16.19,75,121425,1
14:56:42,16.18,45,72810,-1
14:56:39,16.19,30,48570,1
14:56:36,16.19,5,8095,1
14:56:30,16.19,33,53427,-1
14:56:27,16.19,12,19428,-1
14:56:21,16.19,177,286563,-1
14:56:18,16.2,12,19440,1
14:56:15,16.2,94,152280,1
14:56:12,16.2,23,37260,1
14:56:09,16.2,38,61560,1
14:56:06,16.2,23,37260,1
14:56:03,16.2,11,17820,1
14:56:00,16.2,1,1620,-1
14:55:57,16.2,47,76140,-1
14:55:54,16.2,182,294840,1
14:55:51,16.2,2,3240,1
14:55:48,16.2,35,56700,1
14:55:45,16.2,104,168480,1
14:55:42,16.2,30,48600,1
14:55:39,16.2,201,325620,-1
14:55:36,16.21,47,76187,1
14:55:33,16.2,61,99451,-1
14:55:30,16.21,64,104732,1
14:55:27,16.2,34,55080,-1
14:55:24,16.2,44,71280,-1
14:55:21,16.2,100,162000,-1
14:55:18,16.2,45,72900,1
14:55:15,16.2,125,202500,1
14:55:11,16.2,13,21060,0
14:55:09,16.21,503,815363,1
14:55:06,16.2,64,103680,1
14:55:03,16.2,54,87480,1
14:55:00,16.2,37,59940,1
14:54:57,16.2,22,35640,1
14:54:54,16.2,16,25920,0
14:54:50,16.19,33,54398,-1
14:54:48,16.2,24,38880,1
14:54:44,16.2,29,46980,1
14:54:41,16.2,43,69660,1
14:54:38,16.2,404,654480,1
14:54:35,16.2,3,4860,1
14:54:33,16.19,55,89045,0
14:54:30,16.18,310,501580,-1
14:54:23,16.19,1,1619,1
14:54:20,16.18,14,22652,-1
14:54:17,16.18,4,6472,-1
14:54:14,16.19,55,89045,1
14:54:12,16.19,443,717217,1
14:54:08,16.18,14,22652,1
14:54:06,16.18,3,4854,0
14:54:03,16.19,15,24285,1
14:54:00,16.19,188,304372,1
14:53:56,16.18,38,61484,-1
14:53:53,16.19,18,29142,1
14:53:50,16.18,62,100316,-1
14:53:44,16.19,4,6476,1
14:53:41,16.18,85,137530,1
14:53:38,16.18,78,126204,1
14:53:35,16.17,24,38808,-1
14:53:32,16.18,5,8090,1
14:53:29,16.18,78,126204,1
14:53:26,16.18,56,90608,1
14:53:23,16.18,207,334926,1
14:53:20,16.18,188,304184,1
14:53:17,16.18,9,14562,1
14:53:14,16.17,70,113190,-1
14:53:11,16.18,9,14562,1
14:53:08,16.18,12,19416,1
14:53:05,16.18,33,53394,1
14:53:02,16.18,5,8090,1
14:52:59,16.17,4,6468,-1
14:52:56,16.18,4,6472,1
14:52:53,16.18,23,37214,1
14:52:50,16.18,3,4854,1
14:52:47,16.17,47,75999,-1
14:52:44,16.18,43,69574,1
14:52:41,16.17,58,93786,-1
14:52:38,16.18,4,6472,1
14:52:35,16.18,33,53394,1
14:52:32,16.18,176,284768,-1
14:52:29,16.19,58,93902,1
14:52:26,16.19,13,21047,1
14:52:23,16.19,58,93902,1
14:52:20,16.19,21,33999,1
14:52:14,16.19,15,24285,1
14:52:11,16.19,11,17809,0
14:52:08,16.2,48,77760,1
14:52:05,16.18,33,53394,1
14:52:02,16.18,187,302566,-1
14:51:59,16.2,204,330480,-1
14:51:56,16.2,87,140940,-1
14:51:53,16.2,47,76140,-1
14:51:50,16.2,111,179820,-1
14:51:47,16.2,3,4860,-1
14:51:44,16.21,61,98881,1
14:51:41,16.21,13,21073,1
14:51:38,16.21,19,30799,1
14:51:35,16.21,124,201004,1
14:51:32,16.21,46,74566,1
14:51:29,16.21,133,215593,0
14:51:26,16.22,53,86614,0
14:51:23,16.2,79,128952,-1
14:51:20,16.22,1315,2132930,1
14:51:17,16.21,471,763491,-1
14:51:14,16.22,61,98942,1
14:51:11,16.22,89,144358,1
14:51:08,16.21,66,106986,-1
14:51:05,16.21,63,102123,-1
14:51:02,16.21,79,128059,0
14:50:59,16.2,268,434160,-1
14:50:56,16.21,308,499268,1
14:50:53,16.21,269,436049,1
14:50:50,16.21,173,280433,1
14:50:47,16.21,10,16210,1
14:50:44,16.21,80,129680,1
14:50:41,16.2,33,53460,-1
14:50:38,16.21,41,66461,1
14:50:35,16.2,116,187920,1
14:50:32,16.2,29,46980,0
14:50:29,16.2,202,327240,-1
14:50:26,16.2,52,84256,-1
14:50:23,16.21,424,688908,1
14:50:20,16.19,58,93902,1
14:50:17,16.2,87,140940,1
14:50:14,16.19,90,145710,1
14:50:11,16.2,1295,2097900,1
14:50:08,16.18,126,203868,1
14:50:05,16.18,58,93844,-1
14:50:02,16.18,63,101934,-1
14:49:59,16.19,71,114949,1
14:49:56,16.19,72,116568,1
14:49:53,16.19,1348,2182412,1
14:49:50,16.16,43,69488,1
14:49:47,16.15,60,96899,-1
14:49:44,16.16,5,8080,1
14:49:41,16.15,67,108204,-1
14:49:38,16.15,62,100129,-1
14:49:35,16.16,12,19392,1
14:49:32,16.15,54,87209,-1
14:49:29,16.16,265,428240,1
14:49:26,16.15,1,1614,1
14:49:23,16.15,9,14534,1
14:49:20,16.15,135,218024,1
14:49:17,16.14,43,69402,0
14:49:14,16.15,250,403749,1
14:49:11,16.14,10,16140,1
14:49:08,16.14,82,132348,1
14:49:05,16.14,98,158172,1
14:49:02,16.14,91,146874,1
14:48:59,16.14,96,154944,1
14:48:56,16.14,2,3228,1
14:48:53,16.14,21,33894,1
14:48:50,16.14,20,32280,1
14:48:46,16.13,282,454866,1
14:48:44,16.12,8,12896,1
14:48:41,16.12,115,185380,1
14:48:38,16.11,47,75717,-1
14:48:35,16.12,70,112840,1
14:48:28,16.12,11,17732,1
14:48:23,16.12,2,3224,1
14:48:19,16.12,6,9672,1
14:48:17,16.12,88,141856,1
14:48:13,16.1,101,162610,-1
14:48:11,16.1,9,14490,-1
14:48:07,16.11,5,8055,1
14:48:05,16.1,88,141680,-1
14:48:02,16.11,40,64440,1
14:47:58,16.11,61,98271,1
14:47:55,16.11,25,40275,1
14:47:53,16.11,4,6444,1
14:47:49,16.1,10,16100,-1
14:47:47,16.1,1,1610,-1
14:47:38,16.11,13,20943,1
14:47:34,16.1,6,9660,1
14:47:31,16.1,95,152950,-1
14:47:28,16.11,24,38664,1
14:47:25,16.1,58,93380,1
14:47:22,16.1,4,6440,1
14:47:19,16.1,31,49910,1
14:47:16,16.1,6,9660,1
14:47:13,16.1,53,85330,1
14:47:10,16.1,2,3220,1
14:47:07,16.1,11,17710,1
14:47:04,16.1,24,38640,1
14:47:01,16.09,9,14481,-1
14:46:58,16.1,49,78890,1
14:46:55,16.1,46,74060,1
14:46:52,16.1,12,19320,1
14:46:49,16.1,7,11270,1
14:46:46,16.1,15,24150,1
14:46:43,16.1,2,3220,1
14:46:40,16.1,51,82110,1
14:46:37,16.1,9,14490,1
14:46:34,16.1,52,83720,1
14:46:31,16.1,6,9660,1
14:46:28,16.1,108,173880,1
14:46:25,16.09,58,93322,-1
14:46:22,16.09,373,600157,1
14:46:16,16.09,6,9654,1
14:46:13,16.09,5,8045,1
14:46:04,16.09,2,3218,1
14:46:01,16.07,11,17677,-1
14:45:58,16.09,15,24135,1
14:45:55,16.07,12,19284,-1
14:45:52,16.07,116,186412,1
14:45:49,16.07,45,72315,1
14:45:46,16.06,706,1133836,-1
14:45:43,16.07,2,3214,1
14:45:40,16.07,5,8035,1
14:45:34,16.07,14,22498,1
14:45:31,16.07,70,112490,-1
14:45:28,16.09,60,96540,1
14:45:25,16.08,1,1607,1
14:45:22,16.08,27,43415,1
14:45:19,16.08,61,98087,1
14:45:16,16.08,6,9647,1
14:45:13,16.06,71,114025,-1
14:45:04,16.08,1,1607,1
14:45:01,16.08,2,3215,1
14:44:58,16.05,51,81855,-1
14:44:55,16.08,5,8039,1
14:44:52,16.08,72,115775,1
14:44:49,16.06,1010,1622059,-1
14:44:43,16.07,9,14463,1
14:44:40,16.06,1,1605,-1
14:44:34,16.06,9,14453,-1
14:44:31,16.07,9,14463,1
14:44:28,16.07,119,191233,1
14:44:25,16.06,21,33726,1
14:44:22,16.07,252,404964,1
14:44:19,16.07,6,9642,1
14:44:16,16.05,40,64200,-1
14:44:13,16.07,9,14463,1
14:44:10,16.07,44,70708,1
14:44:07,16.07,1,1607,1
14:44:04,16.07,4,6428,1
14:44:01,16.06,35,56209,-1
14:43:58,16.07,41,65887,1
14:43:54,16.05,39,62595,-1
14:43:52,16.06,2,3211,1
14:43:49,16.05,11,17655,-1
14:43:45,16.07,2,3214,1
14:43:43,16.05,50,80250,-1
14:43:39,16.06,3,4818,1
14:43:37,16.06,9,14453,1
14:43:34,16.06,56,89936,1
14:43:30,16.05,6,9630,-1
14:43:28,16.05,27,43335,-1
14:43:25,16.05,108,173340,-1
14:43:22,16.06,2,3211,1
14:43:19,16.06,24,38544,1
14:43:15,16.06,58,93147,1
14:43:13,16.05,3,4815,-1
14:43:06,16.06,5,8029,1
14:43:04,16.06,16,25695,1
14:43:00,16.06,232,372591,-1
14:42:58,16.07,6,9642,1
14:42:54,16.06,47,75482,-1
14:42:48,16.07,7,11249,1
14:42:40,16.07,4,6428,1
14:42:36,16.07,2,3214,1
14:42:33,16.07,4,6428,1
14:42:30,16.07,19,30533,1
14:42:27,16.06,11,17666,-1
14:42:24,16.07,52,83564,1
14:42:21,16.07,28,44996,1
14:42:15,16.07,1,1607,1
14:42:06,16.06,5,8029,-1
14:42:00,16.07,8,12856,1
14:41:57,16.07,1,1607,1
14:41:54,16.07,1,1607,1
14:41:51,16.07,42,67494,1
14:41:48,16.07,1,1607,1
14:41:45,16.07,1,1607,1
14:41:42,16.06,6,9636,-1
14:41:39,16.07,25,40175,1
14:41:36,16.07,5,8035,1
14:41:33,16.06,8,12847,-1
14:41:30,16.07,64,102848,1
14:41:24,16.06,5,8029,-1
14:41:18,16.07,1,1607,1
14:41:15,16.07,1,1607,1
14:41:12,16.06,13,20878,-1
14:41:09,16.07,3,4821,1
14:41:06,16.07,15,24105,1
14:41:03,16.06,30,48179,-1
14:41:00,16.07,5,8035,1
14:40:57,16.06,30,48179,-1
14:40:54,16.07,11,17677,1
14:40:51,16.06,10,16059,-1
14:40:48,16.06,2,3211,-1
14:40:42,16.06,9,14453,-1
14:40:39,16.07,2,3214,1
14:40:36,16.06,1,1605,-1
14:40:33,16.06,10,16059,1
14:40:30,16.06,5,8029,1
14:40:27,16.05,1,1605,-1
14:40:09,16.06,3,4818,-1
14:40:06,16.06,32,51391,-1
14:40:03,16.07,4,6428,1
14:40:00,16.07,9,14463,1
14:39:57,16.07,110,176770,1
14:39:51,16.06,8,12847,-1
14:39:48,16.07,1,1607,1
14:39:45,16.06,17,27301,-1
14:39:42,16.07,2,3214,1
14:39:39,16.06,26,41756,1
14:39:24,16.06,3,4818,1
14:39:21,16.06,35,56209,-1
14:39:06,16.07,1,1607,1
14:39:03,16.07,5,8035,1
14:39:00,16.07,93,149451,1
14:38:54,16.06,6,9636,0
14:38:50,16.07,3,4821,1
14:38:48,16.07,32,51424,1
14:38:45,16.07,6,9642,1
14:38:42,16.07,53,85171,1
14:38:39,16.07,48,77136,1
14:38:36,16.07,819,1316133,1
14:38:33,16.07,2,3214,1
14:38:30,16.07,17,27319,-1
14:38:27,16.07,5,8035,-1
14:38:24,16.08,1,1607,1
14:38:20,16.07,23,36961,1
14:38:17,16.07,1,1607,1
14:38:15,16.07,17,27319,1
14:38:03,16.07,2,3214,1
14:37:59,16.06,10,16059,-1
14:37:57,16.07,3,4821,1
14:37:53,16.07,30,48210,1
14:37:50,16.06,164,263384,1
14:37:47,16.06,56,89936,-1
14:37:41,16.07,5,8035,1
14:37:38,16.07,7,11249,1
14:37:35,16.07,1,1607,1
14:37:32,16.06,10,16059,-1
14:37:29,16.06,16,25695,-1
14:37:26,16.07,2,3214,1
14:37:23,16.07,21,33747,1
14:37:20,16.07,287,461209,-1
14:37:17,16.08,6,9647,1
14:37:14,16.08,28,45023,1
14:37:11,16.08,14,22511,1
14:37:05,16.08,22,35375,1
14:37:02,16.08,3,4823,1
14:36:59,16.07,35,56245,-1
14:36:56,16.08,4,6431,1
14:36:53,16.08,66,106127,1
14:36:50,16.07,11,17677,-1
14:36:47,16.08,2,3215,1
14:36:44,16.08,19,30551,1
14:36:41,16.08,25,40199,1
14:36:38,16.08,5,8039,1
14:36:32,16.07,2,3214,-1
14:36:29,16.08,1,1607,1
14:36:26,16.08,12,19295,1
14:36:23,16.07,213,342291,1
14:36:20,16.06,1,1605,-1
14:36:17,16.07,3,4821,1
14:36:14,16.07,26,41782,1
14:36:02,16.07,3,4821,1
14:35:59,16.07,56,89992,1
14:35:53,16.06,10,16059,1
14:35:47,16.06,3,4818,0
14:35:44,16.07,14,22498,1
14:35:38,16.07,5,8035,1
14:35:35,16.07,4,6428,1
14:35:32,16.07,1,1607,1
14:35:29,16.07,3,4821,1
14:35:26,16.05,10,16050,-1
14:35:23,16.06,9,14453,1
14:35:20,16.05,100,160500,-1
14:35:17,16.06,6,9636,1
14:35:14,16.06,2,3211,1
14:35:11,16.05,31,49755,-1
14:35:08,16.05,6,9630,-1
14:35:05,16.08,3,4823,1
14:35:02,16.08,53,85223,1
14:34:59,16.05,13,20865,-1
14:34:53,16.05,9,14445,-1
14:34:50,16.08,1,1607,1
14:34:47,16.08,13,20903,1
14:34:44,16.05,20,32100,-1
14:34:41,16.08,2,3215,1
14:34:38,16.07,24,38568,1
14:34:35,16.05,13,20865,-1
14:34:32,16.07,6,9642,1
14:34:28,16.07,1,1607,1
14:34:26,16.06,6,9636,-1
14:34:23,16.07,8,12856,1
14:34:20,16.07,21,33747,1
14:34:17,16.07,24,38568,1
14:34:14,16.07,29,46603,1
14:34:11,16.07,6,9642,1
14:34:08,16.07,101,162307,1
14:34:05,16.06,9,14453,-1
14:34:02,16.07,11,17677,1
14:33:59,16.07,36,57852,1
14:33:56,16.07,22,35354,1
14:33:53,16.07,8,12856,1
14:33:50,16.07,145,233015,1
14:33:47,16.07,13,20891,1
14:33:44,16.07,16,25712,1
14:33:41,16.06,235,377409,1
14:33:38,16.05,13,20865,1
14:33:35,16.05,1,1605,1
14:33:32,16.05,5,8025,1
14:33:29,16.05,7,11235,0
14:33:26,16.06,1,1605,1
14:33:23,16.06,5,8029,1
14:33:20,16.03,14,22442,-1
14:33:17,16.05,2,3210,0
14:33:14,16.06,19,30513,1
14:33:11,16.06,60,96359,1
14:33:05,16.06,1,1605,1
14:33:02,16.06,21,33726,1
14:32:59,16.03,24,38472,-1
14:32:53,16.04,11,17644,1
14:32:50,16.03,84,134652,-1
14:32:47,16.06,3,4818,1
14:32:44,16.03,50,80150,-1
14:32:38,16.04,5,8020,1
14:32:35,16.03,22,35266,-1
14:32:32,16.04,6,9624,1
14:32:29,16.04,32,51328,1
14:32:26,16.03,10,16030,-1
14:32:23,16.03,11,17633,-1
14:32:20,16.04,13,20852,1
14:32:17,16.04,50,80200,1
14:32:14,16.04,2,3208,1
14:32:11,16.04,12,19248,-1
14:32:08,16.04,10,16040,-1
14:31:58,16.06,0,0,1
14:31:53,16.06,1,1605,1
14:31:44,16.06,12,19272,1
14:31:41,16.06,11,17666,1
14:31:38,16.06,5,8029,1
14:31:35,16.04,11,17644,-1
14:31:32,16.06,23,36938,0
14:31:29,16.07,12,19284,1
14:31:26,16.04,24,38496,-1
14:31:22,16.07,60,96420,1
14:31:20,16.04,47,75388,-1
14:31:17,16.07,4,6428,1
14:31:14,16.06,64,102783,1
14:31:11,16.04,15,24060,-1
14:30:58,16.06,2,3211,1
14:30:55,16.04,10,16040,-1
14:30:52,16.06,2,3211,1
14:30:49,16.06,40,64239,1
14:30:47,16.06,1,1605,1
14:30:43,16.04,10,16040,-1
14:30:40,16.05,2,3210,1
14:30:38,16.06,44,70664,1
14:30:35,16.06,21,33726,1
14:30:31,16.06,2,3211,1
14:30:28,16.06,53,85118,1
14:30:25,16.06,24,38544,1
14:30:19,16.06,1,1605,1
14:30:16,16.06,20,32119,1
14:30:13,16.04,2,3208,-1
14:30:11,16.04,2,3208,-1
14:29:58,16.06,1,1605,1
14:29:55,16.07,32,51424,1
14:29:49,16.07,1,1607,1
14:29:46,16.04,32,51328,-1
14:29:43,16.04,26,41704,-1
14:29:40,16.07,12,19284,1
14:29:37,16.05,20,32100,0
14:29:34,16.07,16,25712,1
14:29:31,16.04,58,93032,-1
14:29:28,16.05,7,11235,-1
14:29:22,16.07,1,1607,1
14:29:19,16.07,27,43389,1
14:29:16,16.07,0,0,1
14:29:10,16.07,8,12856,1
14:29:07,16.05,1,1605,1
14:29:04,16.05,3,4815,0
14:29:01,16.04,20,32080,0
14:28:58,16.03,12,19236,-1
14:28:55,16.03,55,88165,-1
14:28:52,16.07,1,1607,1
14:28:49,16.04,17,27268,-1
14:28:46,16.04,126,202104,-1
14:28:43,16.05,11,17655,-1
14:28:40,16.07,8,12856,-1
14:28:37,16.07,47,75529,1
14:28:34,16.05,15,24075,-1
14:28:31,16.07,2,3214,1
14:28:28,16.07,29,46603,1
14:28:25,16.05,5,8025,-1
14:28:13,16.07,1,1607,1
14:28:10,16.07,1,1607,1
14:28:07,16.04,33,52932,-1
14:28:04,16.04,27,43308,-1
14:28:01,16.04,21,33684,-1
14:27:58,16.07,85,136595,1
14:27:55,16.04,40,64160,-1
14:27:49,16.04,15,24060,0
14:27:46,16.07,100,160700,1
14:27:43,16.03,30,48090,-1
14:27:37,16.04,13,20852,0
14:27:34,16.07,37,59459,1
14:27:31,16.02,50,80100,-1
14:27:28,16.02,132,211464,-1
14:27:25,16.03,137,219611,-1
14:27:22,16.07,115,184805,-1
14:27:19,16.07,355,570485,-1
14:27:16,16.08,226,363407,1
14:27:13,16.08,51,82007,1
14:27:10,16.07,112,179984,-1
14:27:07,16.07,658,1057406,1
14:27:04,16.05,82,131610,1
14:27:01,16.05,28,44940,1
14:26:58,16.05,13,20865,0
14:26:55,16.06,138,221627,1
14:26:52,16.05,45,72225,-1
14:26:46,16.05,5,8025,1
14:26:43,16.05,1,1605,1
14:26:40,16.05,15,24075,1
14:26:34,16.03,1,1603,-1
14:26:25,16.05,6,9630,1
14:26:22,16.06,0,0,1
14:26:16,16.06,1,1605,1
14:26:13,16.06,1,1605,1
14:26:10,16.06,22,35332,1
14:26:07,16.02,10,16020,-1
14:26:04,16.06,4,6423,1
14:26:01,16.02,89,142578,-1
14:25:58,16.06,5,8029,1
14:25:55,16.06,97,155782,1
14:25:52,16.02,62,99324,-1
14:25:49,16.05,0,0,1
14:25:37,16.05,3,4815,0
14:25:34,16.02,22,35244,-1
14:25:31,16.05,2,3210,-1
14:25:28,16.05,5,8025,-1
14:25:25,16.02,73,116946,-1
14:25:22,16.03,17,27251,0
14:25:19,16.07,119,191233,1
14:25:16,16.02,151,241902,-1
14:25:13,16.07,31,49817,1
14:25:10,16.07,636,1022052,1
14:25:07,16.02,26,41652,-1
14:25:04,16.05,5,8025,1
14:25:01,16.05,111,178155,1
14:24:58,16.05,5,8025,1
14:24:55,16.05,104,166920,1
14:24:52,16.05,1,1605,1
14:24:42,16.05,1,1605,1
14:24:40,16.05,1,1605,1
14:24:36,16.05,4,6420,1
14:24:34,16.02,10,16020,-1
14:24:28,16.05,6,9630,1
14:24:25,16.05,72,115560,1
14:24:21,16.01,31,49631,-1
14:24:19,16.05,3,4815,1
14:24:15,16.01,50,80050,-1
14:24:12,16.01,37,59237,-1
14:24:09,16.07,151,242657,1
14:24:06,16.01,11,17611,-1
14:24:03,16.01,22,35222,-1
14:24:00,16.01,164,262564,-1
14:23:57,16.02,30,48060,-1
14:23:55,16.08,185,297479,1
14:23:51,16.07,5,8035,1
14:23:48,16.0,98,156800,-1
14:23:42,16.04,59,94636,1
14:23:39,16.0,185,296000,-1
14:23:36,16.0,180,288000,-1
14:23:33,16.0,505,808000,-1
14:23:30,16.05,401,643605,-1
14:23:27,16.07,46,73922,1
14:23:24,16.04,24,38496,1
14:23:21,16.0,2220,3552000,-1
14:23:15,16.07,1,1607,1
14:23:09,16.07,4,6428,1
14:23:06,16.04,8,12832,-1
14:23:03,16.06,3,4818,1
14:23:00,16.06,2,3211,1
14:22:54,16.04,10,16040,-1
14:22:51,16.06,3,4818,-1
14:22:45,16.06,3,4818,1
14:22:42,16.06,2,3211,1
14:22:39,16.04,20,32080,-1
14:22:36,16.06,6,9636,1
14:22:33,16.06,1,1605,1
14:22:30,16.06,20,32119,1
14:22:27,16.06,5,8029,1
14:22:24,16.06,2,3211,1
14:22:21,16.06,11,17666,-1
14:22:18,16.07,1,1607,1
14:22:12,16.07,40,64280,1
14:22:09,16.06,1,1605,1
14:22:03,16.06,1,1605,0
14:22:00,16.04,10,16040,-1
14:21:57,16.04,12,19248,-1
14:21:54,16.07,2,3214,1
14:21:51,16.07,24,38568,1
14:21:48,16.03,71,113813,-1
14:21:45,16.07,2,3214,1
14:21:42,16.07,28,44996,1
14:21:39,16.03,140,224420,-1
14:21:33,16.07,14,22498,1
14:21:30,16.07,58,93206,1
14:21:24,16.07,1,1607,1
14:21:21,16.07,2,3214,1
14:21:18,16.07,51,81957,1
14:21:15,16.08,0,0,1
14:21:12,16.08,1,1607,1
14:21:09,16.08,7,11255,1
14:21:06,16.08,14,22511,1
14:21:03,16.05,2,3210,-1
14:21:00,16.08,3,4823,1
14:20:57,16.03,57,91371,-1
14:20:54,16.08,1,1607,1
14:20:51,16.08,10,16079,1
14:20:48,16.08,188,302303,1
14:20:45,16.08,30,48239,1
14:20:42,16.08,24,38591,1
14:20:39,16.08,457,734855,1
14:20:36,16.07,1,1607,1
14:20:33,16.07,25,40175,1
14:20:30,16.07,28,44996,1
14:20:27,16.07,2,3214,1
14:20:24,16.07,51,81957,1
14:20:20,16.07,5,8035,1
14:20:18,16.07,1,1607,1
14:20:15,16.06,1,1605,-1
14:20:12,16.07,1,1607,1
14:20:09,16.03,20,32060,-1
14:20:06,16.07,7,11249,1
14:20:03,16.06,57,91541,1
14:20:00,16.03,0,0,-1
14:19:57,16.03,20,32060,-1
14:19:54,16.06,2,3211,1
14:19:51,16.06,3,4818,1
14:19:48,16.03,57,91371,-1
14:19:39,16.06,7,11242,1
14:19:35,16.03,140,224420,-1
14:19:33,16.05,15,24075,0
14:19:29,16.05,5,8025,-1
14:19:26,16.06,59,94753,1
14:19:24,16.06,11,17666,1
14:19:20,16.06,17,27301,1
14:19:05,16.05,10,16050,1
14:19:02,16.05,1,1605,1
14:18:59,16.03,12,19236,-1
14:18:50,16.05,1,1605,1
14:18:47,16.03,22,35266,-1
14:18:44,16.05,11,17655,1
14:18:41,16.04,28,44912,0
14:18:38,16.05,69,110745,1
14:18:35,16.05,13,20865,1
14:18:32,16.05,55,88275,1
14:18:29,16.05,21,33705,1
14:18:26,16.05,20,32100,1
14:18:20,16.05,20,32100,1
14:18:17,16.05,1,1605,1
14:18:14,16.05,16,25680,1
14:18:11,16.04,17,27268,-1
14:18:08,16.04,5,8020,-1
14:18:05,16.05,1,1605,1
14:17:56,16.05,11,17655,1
14:17:53,16.05,11,17655,1
14:17:50,16.04,30,48120,-1
14:17:47,16.05,12,19260,1
14:17:44,16.05,13,20865,1
14:17:41,16.05,40,64200,-1
14:17:38,16.05,54,86670,-1
14:17:35,16.06,12,19272,1
14:17:32,16.06,7,11242,1
14:17:29,16.06,34,54603,1
14:17:26,16.06,10,16059,1
14:17:20,16.06,1,1605,1
14:17:17,16.05,25,40125,-1
14:17:11,16.06,4,6423,1
14:17:08,16.06,32,51391,1
14:17:02,16.06,1,1605,1
14:16:59,16.05,32,51360,-1
14:16:53,16.06,1,1605,1
14:16:50,16.05,11,17655,-1
14:16:47,16.06,8,12847,1
14:16:44,16.06,32,51391,1
14:16:41,16.06,54,86724,1
14:16:38,16.06,9,14453,1
14:16:35,16.06,1,1605,1
14:16:32,16.06,12,19272,1
14:16:29,16.06,1,1605,1
14:16:26,16.06,23,36938,1
14:16:23,16.05,10,16050,-1
14:16:20,16.07,0,0,1
14:16:17,16.07,16,25712,1
14:16:14,16.05,10,16050,-1
14:16:08,16.06,4,6423,-1
14:16:05,16.06,10,16059,-1
14:16:02,16.07,1,1607,1
14:15:59,16.07,7,11249,1
14:15:56,16.06,10,16059,-1
14:15:53,16.07,1,1607,1
14:15:50,16.07,4,6428,1
14:15:47,16.07,61,98027,1
14:15:38,16.06,10,16059,-1
14:15:32,16.07,1,1607,1
14:15:29,16.07,27,43389,1
14:15:20,16.06,6,9636,-1
14:15:11,16.07,1,1607,1
14:15:07,16.07,11,17677,1
14:15:05,16.07,13,20891,1
14:15:02,16.07,55,88385,1
14:14:59,16.06,12,19272,-1
14:14:56,16.08,27,43415,1
14:14:52,16.07,111,178377,1
14:14:50,16.06,4,6423,-1
14:14:47,16.07,1,1607,1
14:14:43,16.06,1,1605,-1
14:14:37,16.06,15,24089,-1
14:14:35,16.07,3,4821,1
14:14:29,16.07,1,1607,1
14:14:25,16.07,3,4821,1
14:14:10,16.06,1,1605,1
14:14:04,16.05,10,16050,-1
14:14:02,16.06,2,3211,1
14:13:59,16.06,19,30513,1
14:13:56,16.05,24,38520,1
14:13:53,16.05,4,6420,1
14:13:41,16.05,2,3210,1
14:13:38,16.05,15,24075,1
14:13:32,16.05,1,1605,1
14:13:28,16.05,8,12840,1
14:13:26,16.03,11,17633,-1
14:13:23,16.05,1,1605,1
14:13:20,16.05,38,60990,-1
14:13:17,16.07,1,1607,1
14:13:13,16.07,3,4821,1
14:13:11,16.05,40,64200,0
14:13:08,16.03,10,16030,-1
14:13:05,16.07,3,4821,1
14:13:01,16.04,73,117092,-1
14:12:58,16.08,2,3215,1
14:12:55,16.04,14,22456,-1
14:12:53,16.08,6,9647,1
14:12:50,16.05,28,44940,1
14:12:47,16.04,2,3208,0
14:12:44,16.03,44,70532,-1
14:12:40,16.08,19,30551,1
14:12:37,16.04,39,62556,-1
14:12:35,16.04,47,75388,-1
14:12:31,16.08,4,6431,1
14:12:29,16.08,83,133464,1
14:12:23,16.07,1,1607,1
14:12:19,16.04,12,19248,-1
14:12:16,16.05,29,46545,0
14:12:13,16.04,55,88220,-1
14:12:10,16.06,14,22484,-1
14:12:07,16.06,37,59421,1
14:12:05,16.06,12,19272,1
14:12:02,16.06,2,3211,1
14:11:58,16.06,54,86724,1
14:11:55,16.06,1,1605,1
14:11:52,16.03,12,19236,-1
14:11:50,16.03,23,36869,-1
14:11:46,16.06,19,30513,1
14:11:43,16.03,84,134652,-1
14:11:40,16.07,7,11249,1
14:11:37,16.06,141,226445,-1
14:11:34,16.06,110,176660,-1
14:11:31,16.07,10,16070,1
14:11:28,16.06,527,846361,-1
14:11:25,16.07,2,3214,1
14:11:22,16.07,2,3214,1
14:11:19,16.07,42,67494,1
14:11:16,16.07,2,3214,1
14:11:13,16.07,40,64280,1
14:11:10,16.07,75,120525,1
14:11:07,16.06,27,43362,-1
14:11:04,16.07,117,188019,1
14:11:01,16.06,118,189507,-1
14:10:58,16.06,56,89936,-1
14:10:55,16.06,491,788545,1
14:10:52,16.05,1,1605,1
14:10:43,16.05,1,1605,1
14:10:31,16.02,4,6408,-1
14:10:28,16.05,0,0,1
14:10:25,16.05,6,9630,1
14:10:22,16.01,20,32020,-1
14:10:19,16.05,3,4815,1
14:10:16,16.05,56,89880,1
14:10:13,16.01,11,17611,-1
14:10:10,16.05,6,9630,1
14:10:07,16.01,90,144090,-1
14:10:04,16.05,9,14445,1
14:10:01,16.02,166,265932,-1
14:09:58,16.05,2,3210,1
14:09:52,16.05,2,3210,1
14:09:46,16.05,1,1605,1
14:09:37,16.05,3,4815,1
14:09:34,16.02,29,46458,-1
14:09:31,16.05,15,24075,-1
14:09:28,16.05,51,81855,-1
14:09:25,16.05,6,9630,-1
14:09:22,16.05,9,14445,1
14:09:19,16.05,1,1605,1
14:09:16,16.05,1,1605,1
14:09:13,16.05,2,3210,1
14:09:10,16.05,20,32100,-1
14:09:04,16.06,1,1605,1
14:09:01,16.06,1,1605,1
14:08:58,16.05,21,33705,-1
14:08:55,16.05,10,16050,-1
14:08:52,16.05,9,14445,-1
14:08:49,16.06,2,3211,1
14:08:40,16.06,1,1605,1
14:08:37,16.05,10,16050,-1
14:08:34,16.06,1,1605,1
14:08:31,16.06,13,20878,1
14:08:28,16.06,14,22484,1
14:08:25,16.05,5,8025,-1
14:08:22,16.05,15,24075,0
14:08:19,16.05,3,4815,1
14:08:16,16.05,56,89880,1
14:08:07,16.05,8,12840,1
14:08:04,16.05,2,3210,1
14:08:01,16.02,10,16020,-1
14:07:55,16.05,16,25680,1
14:07:52,16.05,1,1605,1
14:07:49,16.02,10,16020,-1
14:07:43,16.02,11,17622,-1
14:07:40,16.05,2,3210,1
14:07:37,16.02,45,72090,-1
14:07:34,16.05,4,6420,1
14:07:31,16.05,48,77040,1
14:07:28,16.02,20,32040,-1
14:07:25,16.05,3,4815,1
14:07:22,16.05,55,88275,1
14:07:18,16.05,1,1605,1
14:07:16,16.05,23,36915,1
14:07:07,16.05,10,16050,1
14:07:04,16.05,7,11235,1
14:07:01,16.03,21,33663,-1
14:06:52,16.03,5,8015,-1
14:06:49,16.06,14,22484,1
14:06:46,16.06,2,3211,1
14:06:43,16.03,45,72135,-1
14:06:40,16.05,9,14445,1
14:06:37,16.05,54,86670,1
14:06:31,16.05,1,1605,1
14:06:28,16.05,21,33705,1
14:06:22,16.02,1,1602,-1
14:06:16,16.05,1,1605,1
14:06:07,16.05,1,1605,1
14:06:04,16.05,12,19260,1
14:06:01,16.02,11,17622,-1
14:05:58,16.05,1,1605,1
14:05:55,16.03,34,54502,1
14:05:52,16.03,2,3206,1
14:05:49,16.02,10,16020,-1
14:05:46,16.03,1,1603,1
14:05:43,16.03,46,73738,-1
14:05:40,16.05,77,123585,1
14:05:37,16.03,11,17633,-1
14:05:34,16.03,22,35266,-1
14:05:31,16.03,26,41678,-1
14:05:28,16.05,13,20865,1
14:05:24,16.03,27,43281,-1
14:05:21,16.05,42,67410,1
14:05:15,16.05,0,0,1
14:05:12,16.05,3,4815,1
14:05:09,16.05,1,1605,1
14:05:01,16.05,1,1605,1
14:04:58,16.03,20,32060,-1
14:04:54,16.05,3,4815,1
14:04:51,16.03,55,88165,-1
14:04:49,16.04,3,4812,-1
14:04:45,16.05,52,83460,1
14:04:39,16.04,2,3208,-1
14:04:36,16.05,2,3210,1
14:04:33,16.04,10,16040,-1
14:04:31,16.05,1,1605,1
14:04:27,16.05,8,12840,1
14:04:18,16.05,16,25680,1
14:04:12,16.04,10,16040,-1
14:04:06,16.05,16,25680,1
14:04:03,16.04,1,1604,-1
14:03:57,16.05,9,14445,1
14:03:54,16.05,58,93090,1
14:03:48,16.04,10,16040,-1
14:03:45,16.04,6,9624,-1
14:03:42,16.04,16,25664,1
14:03:39,16.02,30,48060,-1
14:03:36,16.03,2,3206,1
14:03:30,16.02,13,20826,-1
14:03:27,16.03,1,1603,1
14:03:24,16.03,6,9618,-1
14:03:21,16.04,0,0,1
14:03:15,16.04,1,1604,1
14:03:12,16.02,21,33642,-1
14:03:06,16.03,1,1603,1
14:03:03,16.03,9,14427,-1
14:03:00,16.04,19,30476,-1
14:02:57,16.05,42,67410,1
14:02:54,16.05,1,1605,1
14:02:51,16.03,10,16030,-1
14:02:45,16.05,1,1605,1
14:02:42,16.03,21,33663,-1
14:02:39,16.05,5,8025,1
14:02:36,16.05,1,1605,1
14:02:33,16.05,32,51360,1
14:02:30,16.03,43,68929,-1
14:02:27,16.05,2,3210,1
14:02:24,16.03,20,32060,-1
14:02:18,16.05,1,1605,1
14:02:15,16.05,20,32100,1
14:02:12,16.03,20,32060,-1
14:02:09,16.05,1,1605,1
14:02:06,16.05,3,4815,1
14:02:03,16.05,54,86670,1
14:01:57,16.05,15,24075,1
14:01:54,16.05,4,6420,1
14:01:51,16.05,14,22470,1
14:01:48,16.01,83,132883,-1
14:01:45,16.05,1,1605,1
14:01:42,16.05,7,11235,1
14:01:39,16.05,175,280875,1
14:01:36,16.05,13,20865,1
14:01:33,16.05,13,20865,1
14:01:30,16.02,30,48060,-1
14:01:24,16.05,1,1605,1
14:01:21,16.05,33,52965,1
14:01:18,16.02,14,22428,-1
14:01:15,16.05,3,4815,1
14:01:12,16.05,33,52965,1
14:01:09,16.05,48,77040,1
14:01:06,16.04,4,6416,0
14:01:03,16.02,80,128160,-1
14:01:00,16.05,20,32100,1
14:00:48,16.05,1,1605,1
14:00:45,16.05,1,1605,1
14:00:42,16.04,10,16040,-1
14:00:39,16.05,0,0,1
14:00:36,16.05,12,19260,1
14:00:33,16.02,10,16020,-1
14:00:30,16.05,13,20865,1
14:00:26,16.02,10,16020,-1
14:00:23,16.04,10,16040,-1
14:00:21,16.05,3,4815,1
14:00:18,16.05,26,41730,1
14:00:14,16.05,24,38520,1
14:00:12,16.04,26,41704,1
14:00:09,16.04,4,6416,1
14:00:06,16.04,91,145964,1
14:00:03,16.04,19,30476,1
14:00:00,16.04,0,0,1
13:59:54,16.04,1,1604,1
13:59:51,16.02,20,32040,-1
13:59:41,16.03,11,17633,-1
13:59:35,16.05,3,4815,1
13:59:32,16.05,75,120375,1
13:59:29,16.05,11,17655,1
13:59:20,16.05,22,35310,1
13:59:17,16.04,16,25664,1
13:59:14,16.04,1,1604,1
13:59:11,16.02,11,17622,-1
13:59:05,16.04,1,1604,1
13:59:02,16.04,47,75388,1
13:58:59,16.04,2,3208,1
13:58:56,16.04,1,1604,1
13:58:47,16.04,1,1604,1
13:58:44,16.04,3,4812,0
13:58:41,16.05,1,1605,1
13:58:38,16.02,21,33642,-1
13:58:32,16.05,1,1605,1
13:58:29,16.02,29,46458,-1
13:58:26,16.05,2,3210,1
13:58:23,16.05,53,85065,1
13:58:20,16.02,10,16020,-1
13:58:17,16.05,1,1605,1
13:58:14,16.05,1,1605,1
13:58:11,16.05,20,32100,1
13:58:08,16.05,1,1605,1
13:58:05,16.02,10,16020,-1
13:58:02,16.02,10,16020,-1
13:57:59,16.05,4,6420,1
13:57:56,16.02,10,16020,-1
13:57:53,16.05,10,16050,1
13:57:50,16.05,2,3210,1
13:57:47,16.02,10,16020,-1
13:57:41,16.05,2,3210,1
13:57:38,16.05,21,33705,1
13:57:35,16.05,38,60990,1
13:57:32,16.05,1,1605,1
13:57:29,16.04,15,24060,-1
13:57:26,16.05,45,72225,1
13:57:23,16.04,20,32080,-1
13:57:17,16.05,1,1605,1
13:57:08,16.05,2,3210,1
13:57:05,16.04,6,9624,-1
13:57:02,16.04,15,24060,-1
13:56:59,16.05,1,1605,1
13:56:56,16.04,14,22456,-1
13:56:53,16.04,12,19248,1
13:56:50,16.01,28,44828,-1
13:56:47,16.02,2,3204,0
13:56:44,16.04,2,3208,1
13:56:41,16.01,52,83252,-1
13:56:38,16.02,2,3204,-1
13:56:35,16.05,3,4815,1
13:56:32,16.05,51,81855,1
13:56:29,16.02,57,91314,-1
13:56:26,16.05,2,3210,1
13:56:23,16.05,21,33705,1
13:56:20,16.05,0,0,1
13:56:17,16.05,2,3210,1
13:56:14,16.04,37,59348,1
13:56:11,16.04,0,0,1
13:56:08,16.04,1,1604,1
13:56:05,16.01,22,35222,-1
13:56:02,16.04,1,1604,1
13:55:59,16.03,4,6412,1
13:55:56,16.01,53,84853,-1
13:55:53,16.05,11,17655,1
13:55:50,16.05,5,8025,1
13:55:46,16.05,100,160500,1
13:55:44,16.03,12,19236,-1
13:55:41,16.05,2,3210,1
13:55:38,16.03,32,51296,1
13:55:35,16.03,6,9618,1
13:55:29,16.03,1,1603,1
13:55:23,16.01,10,16010,-1
13:55:16,16.03,3,4809,1
13:55:14,16.02,21,33642,-1
13:55:07,16.03,2,3206,1
13:55:05,16.02,38,60876,-1
13:55:01,16.02,2,3204,-1
13:54:58,16.03,1,1603,1
13:54:56,16.03,17,27251,1
13:54:52,16.02,141,225882,-1
13:54:50,16.03,2,3206,1
13:54:46,16.03,45,72135,-1
13:54:43,16.05,3,4815,1
13:54:40,16.04,14,22456,1
13:54:37,16.04,12,19248,1
13:54:34,16.03,10,16030,-1
13:54:31,16.05,2,3210,1
13:54:28,16.05,32,51360,1
13:54:25,16.03,9,14427,-1
13:54:19,16.05,1,1605,1
13:54:10,16.02,1,1602,-1
13:54:07,16.02,1,1602,-1
13:54:04,16.02,1,1602,-1
13:54:01,16.05,1,1605,1
13:53:58,16.05,16,25680,1
13:53:55,16.02,86,137772,-1
13:53:52,16.02,29,46458,-1
13:53:49,16.06,26,41756,1
13:53:46,16.05,245,393225,1
13:53:43,16.05,2,3210,1
13:53:40,16.03,41,65723,-1
13:53:37,16.05,3,4815,1
13:53:34,16.05,1,1605,-1
13:53:28,16.06,1,1605,1
13:53:25,16.06,3,4818,1
13:53:22,16.03,49,78547,-1
13:53:19,16.03,10,16030,-1
13:53:16,16.06,4,6423,1
13:53:13,16.06,74,118843,1
13:53:10,16.06,12,19272,1
13:53:07,16.05,2,3210,0
13:53:04,16.06,9,14453,1
13:53:01,16.03,172,275716,-1
13:52:58,16.06,7,11242,1
13:52:55,16.05,5,8025,-1
13:52:52,16.05,56,89880,1
13:52:40,16.05,1,1605,1
13:52:34,16.05,1,1605,1
13:52:31,16.05,1,1605,1
13:52:28,16.05,21,33705,1
13:52:19,16.05,1,1605,1
13:52:07,16.06,1,1605,1
13:52:04,16.03,21,33663,-1
13:52:01,16.05,5,8025,-1
13:51:58,16.06,8,12847,1
13:51:55,16.05,42,67410,1
13:51:43,16.05,1,1605,1
13:51:40,16.03,8,12824,-1
13:51:37,16.05,6,9630,1
13:51:34,16.03,26,41678,-1
13:51:31,16.06,1,1605,1
13:51:28,16.06,16,25695,1
13:51:25,16.06,12,19272,1
13:51:22,16.06,12,19272,1
13:51:19,16.05,24,38520,-1
13:51:16,16.06,11,17666,1
13:51:13,16.05,7,11235,-1
13:51:10,16.05,11,17655,-1
13:51:04,16.06,1,1605,1
13:51:01,16.05,13,20865,0
13:50:58,16.02,24,38448,-1
13:50:55,16.05,6,9630,1
13:50:52,16.05,100,160500,1
13:50:49,16.01,43,70299,-1
13:50:46,16.05,8,12840,1
13:50:43,16.02,157,251514,-1
13:50:37,16.05,4,6420,1
13:50:34,16.03,1,1603,-1
13:50:31,16.05,1,1605,1
13:50:28,16.05,11,17655,1
13:50:25,16.05,1,1605,1
13:50:19,16.03,11,17633,-1
13:50:16,16.05,1,1605,1
13:50:13,16.03,13,20839,-1
13:50:10,16.03,18,28854,-1
13:50:07,16.03,53,84959,-1
13:50:04,16.05,42,67410,1
13:50:01,16.05,1,1605,1
13:49:58,16.03,14,22442,-1
13:49:55,16.05,1,1605,1
13:49:52,16.05,5,8025,1
13:49:49,16.04,1,1604,1
13:49:46,16.03,11,17633,-1
13:49:43,16.05,0,0,1
13:49:39,16.05,10,16050,1
13:49:34,16.05,4,6420,1
13:49:31,16.04,35,56140,-1
13:49:28,16.05,26,41730,1
13:49:25,16.04,28,44912,-1
13:49:22,16.05,102,163710,1
13:49:19,16.04,31,49724,-1
13:49:13,16.05,2,3210,1
13:49:10,16.04,14,22456,1
13:49:07,16.04,2,3208,1
13:49:04,16.04,5,8020,1
13:49:01,16.04,2,3208,1
13:48:58,16.03,26,41678,-1
13:48:55,16.04,4,6416,1
13:48:52,16.04,15,24060,1
13:48:46,16.04,1,1604,1
13:48:40,16.04,0,0,1
13:48:37,16.04,1,1604,1
13:48:31,16.02,11,17622,-1
13:48:27,16.04,6,9624,1
13:48:25,16.04,7,11228,1
13:48:22,16.03,32,51296,-1
13:48:19,16.05,28,44940,1
13:48:16,16.04,11,17644,1
13:48:13,16.03,10,16030,-1
13:48:10,16.04,2,3208,1
13:48:07,16.03,20,32060,-1
13:48:04,16.04,2,3208,1
13:48:01,16.04,25,40100,1
13:47:58,16.04,2,3208,1
13:47:55,16.04,25,40100,1
13:47:52,16.02,10,16020,-1
13:47:46,16.02,10,16020,-1
13:47:43,16.04,4,6416,0
13:47:40,16.05,50,80250,1
13:47:33,16.04,2,3208,1
13:47:31,16.01,24,38424,-1
13:47:28,16.05,2,3210,1
13:47:25,16.01,43,68843,-1
13:47:22,16.04,49,78596,-1
13:47:18,16.05,17,27285,1
13:47:16,16.01,150,240150,-1
13:47:10,16.04,1,1604,1
13:46:58,16.04,11,17644,1
13:46:55,16.04,2,3208,1
13:46:48,16.04,5,8020,1
13:46:46,16.04,20,32080,1
13:46:43,16.01,10,16010,-1
13:46:40,16.03,2,3206,1
13:46:37,16.0,44,70400,-1
13:46:34,16.01,14,22414,-1
13:46:31,16.01,61,97661,-1
13:46:28,16.03,33,52899,-1
13:46:24,16.03,42,67326,-1
13:46:22,16.03,1,1603,1
13:46:18,16.01,14,22414,-1
13:46:15,16.03,5,8015,1
13:46:13,16.03,101,161903,1
13:46:10,16.03,10,16030,1
13:46:07,16.03,164,262892,1
13:46:04,16.01,42,67242,-1
13:46:00,16.04,1,1604,1
13:45:58,16.03,15,24045,-1
13:45:52,16.04,6,9624,1
13:45:37,16.03,13,20839,-1
13:45:33,16.03,33,52899,-1
13:45:31,16.01,50,80050,-1
13:45:27,16.02,25,40050,-1
13:45:25,16.02,77,123354,-1
13:45:19,16.02,3,4806,-1
13:45:12,16.02,2,3204,-1
13:45:09,16.03,1,1603,-1
13:45:06,16.04,1,1604,1
13:45:04,16.01,21,33621,-1
13:45:00,16.03,1,1603,1
13:44:57,16.03,8,12824,1
13:44:54,16.02,1,1602,1
13:44:48,16.05,0,0,1
13:44:45,16.05,2,3210,1
13:44:42,16.01,13,20813,-1
13:44:39,16.03,12,19236,0
13:44:36,16.01,135,216135,-1
13:44:33,16.05,11,17655,1
13:44:30,16.01,184,294584,-1
13:44:27,16.02,14,22460,-1
13:44:24,16.02,1,1602,1
13:44:21,16.01,9,14409,-1
13:44:18,16.01,1,1601,-1
13:44:12,16.01,13,20813,-1
13:44:09,16.02,15,24030,0
13:44:06,16.01,22,35222,-1
13:44:03,16.01,46,73646,-1
13:44:00,16.05,6,9630,1
13:43:57,16.02,148,237096,1
13:43:51,16.01,89,142489,-1
13:43:48,16.02,107,171414,1
13:43:45,16.02,82,131364,1
13:43:42,16.02,76,121752,1
13:43:39,16.02,80,128160,-1
13:43:36,16.03,121,193963,1
13:43:33,16.03,57,91371,1
13:43:30,16.03,108,173124,1
13:43:27,16.02,136,217872,-1
13:43:24,16.02,63,100926,-1
13:43:21,16.02,72,115344,1
13:43:18,16.01,302,483502,-1
13:43:15,16.01,29,46429,-1
13:43:12,16.02,1,1602,1
13:43:09,16.02,1,1602,1
13:43:06,16.02,29,46458,1
13:43:03,16.02,23,36846,1
13:43:00,16.02,17,27234,0
13:42:57,16.03,42,67326,1
13:42:54,16.02,15,24030,-1
13:42:51,16.03,4,6412,1
13:42:48,16.02,63,100926,-1
13:42:45,16.03,39,62517,1
13:42:42,16.02,11,17622,1
13:42:39,16.02,103,165006,1
13:42:36,16.02,17,27234,1
13:42:33,16.02,20,32040,1
13:42:30,16.02,154,246708,1
13:42:27,16.02,28,44856,1
13:42:24,16.02,5,8010,1
13:42:21,16.01,10,16010,-1
13:42:18,16.02,10,16020,1
13:42:15,16.02,41,65682,0
13:42:12,16.01,69,110469,-1
13:42:09,16.03,1,1603,1
13:42:06,16.03,15,24045,1
13:42:03,16.03,258,413574,-1
13:42:00,16.05,2,3210,1
13:41:57,16.05,7,11235,1
13:41:54,16.03,150,240450,-1
13:41:51,16.04,3,4812,1
13:41:48,16.04,2,3208,1
13:41:45,16.04,26,41704,1
13:41:42,16.05,0,0,1
13:41:39,16.05,4,6420,1
13:41:36,16.05,46,73830,1
13:41:33,16.05,25,40125,1
13:41:30,16.05,26,41730,1
13:41:27,16.05,3,4815,1
13:41:24,16.03,41,65723,-1
13:41:21,16.03,11,17633,-1
13:41:18,16.05,7,11235,1
13:41:15,16.04,58,93032,-1
13:41:12,16.05,39,62595,-1
13:41:09,16.05,9,14445,-1
13:41:06,16.07,18,28926,-1
13:41:03,16.08,11,17687,1
13:41:00,16.08,1,1607,1
13:40:57,16.07,21,33747,1
13:40:54,16.07,1,1607,1
13:40:48,16.04,0,0,-1
13:40:45,16.04,2,3208,-1
13:40:39,16.04,10,16040,-1
13:40:36,16.07,1,1607,1
13:40:33,16.07,1,1607,0
13:40:30,16.08,10,16079,1
13:40:27,16.05,10,16050,-1
13:40:24,16.08,2,3215,1
13:40:21,16.05,10,16050,-1
13:40:15,16.07,1,1607,1
13:40:12,16.07,42,67494,1
13:40:09,16.07,2,3214,-1
13:40:06,16.08,25,40199,1
13:40:03,16.08,53,85223,1
13:40:00,16.08,11,17687,1
13:39:57,16.04,90,144360,-1
13:39:53,16.05,10,16050,-1
13:39:50,16.05,6,9630,-1
13:39:44,16.08,1,1607,1
13:39:38,16.08,1,1607,1
13:39:35,16.08,1,1607,1
13:39:32,16.08,1,1607,1
13:39:26,16.04,20,32080,-1
13:39:23,16.08,4,6431,1
13:39:20,16.08,1,1607,1
13:39:17,16.08,34,54671,1
13:39:14,16.06,19,30513,-1
13:39:11,16.08,2,3215,1
13:39:08,16.08,52,83615,1
13:39:05,16.08,1,1607,1
13:38:56,16.08,2,3215,1
13:38:50,16.06,12,19272,-1
13:38:47,16.08,1,1607,1
13:38:44,16.08,5,8039,1
13:38:41,16.08,20,32159,-1
13:38:38,16.09,1,1609,1
13:38:35,16.09,4,6436,1
13:38:32,16.09,2,3218,1
13:38:26,16.08,4,6431,1
13:38:23,16.08,18,28943,1
13:38:17,16.09,1,1609,1
13:38:14,16.09,26,41834,1
13:38:11,16.09,10,16090,1
13:38:08,16.04,31,49724,-1
13:38:05,16.06,1,1605,1
13:38:02,16.09,12,19308,1
13:37:59,16.09,61,98149,1
13:37:53,16.06,2,3211,1
13:37:50,16.05,92,147660,-1
13:37:44,16.09,0,0,1
13:37:41,16.09,11,17699,1
13:37:38,16.09,12,19308,1
13:37:35,16.09,13,20917,1
13:37:32,16.09,36,57924,1
13:37:29,16.08,66,106127,1
13:37:26,16.08,11,17687,1
13:37:23,16.08,3,4823,1
13:37:20,16.08,68,109343,-1
13:37:17,16.08,1,1607,1
13:37:14,16.08,1,1607,1
13:37:05,16.08,3,4823,0
13:37:02,16.09,16,25744,1
13:36:59,16.09,7,11263,1
13:36:53,16.09,12,19308,1
13:36:50,16.08,19,30551,-1
13:36:47,16.09,28,45052,1
13:36:44,16.09,17,27353,1
13:36:41,16.09,2,3218,1
13:36:38,16.08,20,32159,1
13:36:35,16.08,3,4823,1
13:36:32,16.08,21,33768,0
13:36:29,16.09,33,53097,1
13:36:26,16.09,1,1609,1
13:36:23,16.08,22,35375,-1
13:36:20,16.08,32,51455,1
13:36:17,16.08,1,1607,1
13:36:14,16.08,10,16079,1
13:36:11,16.08,15,24119,-1
13:36:08,16.09,2,3218,1
13:36:05,16.08,14,22511,-1
13:36:02,16.09,9,14481,1
13:35:59,16.09,24,38616,1
13:35:56,16.08,8,12863,-1
13:35:50,16.08,20,32159,-1
13:35:47,16.09,17,27353,1
13:35:44,16.08,11,17687,-1
13:35:41,16.08,20,32159,-1
13:35:38,16.09,3,4827,1
13:35:35,16.09,48,77232,1
13:35:29,16.09,24,38616,1
13:35:25,16.09,54,86886,1
13:35:22,16.05,0,0,-1
13:35:20,16.05,10,16050,-1
13:35:14,16.08,2,3215,1
13:35:10,16.08,16,25727,1
13:35:07,16.04,3,4812,-1
13:35:05,16.07,0,0,1
13:35:01,16.07,2,3214,1
13:34:58,16.07,20,32140,1
13:34:55,16.07,0,0,1
13:34:52,16.07,28,44996,1
13:34:50,16.04,11,17644,-1
13:34:46,16.05,2,3210,1
13:34:43,16.02,96,153792,-1
13:34:40,16.05,19,30495,0
13:34:37,16.08,7,11255,1
13:34:34,16.08,153,246023,1
13:34:31,16.06,8,12847,1
13:34:28,16.04,69,110676,1
13:34:25,16.03,29,46487,-1
13:34:22,16.03,23,36869,0
13:34:19,16.06,347,557282,1
13:34:16,16.06,11,17666,0
13:34:13,16.08,9,14471,1
13:34:10,16.03,220,352660,-1
13:34:07,16.06,100,160600,-1
13:34:04,16.09,3,4827,1
13:34:01,16.06,69,110830,-1
13:33:58,16.06,247,396681,-1
13:33:55,16.07,16,25712,1
13:33:52,16.06,121,195642,1
13:33:49,16.02,103,165006,-1
13:33:46,16.03,17,27251,1
13:33:43,16.02,92,147384,-1
13:33:40,16.03,285,457143,-1
13:33:37,16.05,57,91485,1
13:33:34,16.05,17,27285,1
13:33:31,16.04,36,57744,-1
13:33:28,16.05,7,11235,1
13:33:25,16.04,25,40100,-1
13:33:22,16.05,67,107535,-1
13:33:19,16.05,70,112350,-1
13:33:13,16.05,23,36915,-1
13:33:10,16.06,4,6423,1
13:33:07,16.05,76,121980,-1
13:33:04,16.06,14,22484,1
13:33:01,16.05,84,134820,0
13:32:58,16.06,24,38544,1
13:32:55,16.06,33,52997,1
13:32:52,16.06,11,17666,1
13:32:49,16.06,1,1605,0
13:32:46,16.05,23,36915,-1
13:32:43,16.09,34,54706,1
13:32:40,16.09,76,122284,1
13:32:37,16.09,7,11263,1
13:32:34,16.04,31,49724,-1
13:32:31,16.05,23,36915,-1
13:32:28,16.09,17,27353,1
13:32:25,16.05,91,146055,-1
13:32:22,16.08,15,24119,1
13:32:19,16.06,10,16059,-1
13:32:16,16.07,1,1607,1
13:32:13,16.06,21,33726,0
13:32:10,16.05,2,3210,1
13:32:07,16.05,56,89880,-1
13:32:04,16.09,11,17699,1
13:32:01,16.09,1,1609,1
13:31:58,16.09,23,37007,1
13:31:55,16.05,22,35310,-1
13:31:52,16.06,25,40150,0
13:31:49,16.05,33,52965,0
13:31:46,16.08,59,94871,1
13:31:43,16.05,13,20865,0
13:31:40,16.08,11,17687,1
13:31:37,16.05,28,44940,-1
13:31:34,16.09,18,28962,1
13:31:31,16.04,83,133132,-1
13:31:28,16.09,18,28962,-1
13:31:25,16.09,63,101367,1
13:31:22,16.06,10,16059,1
13:31:19,16.06,51,81906,1
13:31:16,16.06,21,33726,1
13:31:13,16.06,18,28907,1
13:31:10,16.05,71,113955,-1
13:31:07,16.06,9,14453,1
13:31:04,16.06,157,252141,-1
13:31:01,16.06,22,35332,-1
13:30:58,16.08,19,30551,1
13:30:55,16.08,57,91655,1
13:30:52,16.08,40,64319,-1
13:30:49,16.08,26,41807,1
13:30:46,16.06,169,271414,-1
13:30:43,16.09,0,0,1
13:30:40,16.09,2,3218,1
13:30:37,16.07,23,36961,0
13:30:34,16.06,134,215203,1
13:30:31,16.05,78,125190,-1
13:30:28,16.06,6,9636,1
13:30:25,16.06,121,194325,-1
13:30:16,16.1,2,3220,1
13:30:13,16.1,16,25760,1
13:30:10,16.09,12,19308,-1
13:30:07,16.1,3,4830,1
13:30:04,16.1,22,35420,1
13:30:01,16.09,11,17699,-1
13:29:58,16.1,9,14490,1
13:29:54,16.09,22,35398,1
13:29:52,16.09,2,3218,1
13:29:49,16.06,20,32119,-1
13:29:46,16.09,4,6436,1
13:29:43,16.06,93,149358,-1
13:29:40,16.1,4,6440,1
13:29:37,16.09,7,11263,1
13:29:34,16.09,160,257440,1
13:29:31,16.09,1,1609,1
13:29:28,16.09,18,28962,1
13:29:22,16.09,2,3218,1
13:29:18,16.09,1,1609,1
13:29:15,16.08,12,19295,1
13:29:13,16.05,12,19260,-1
13:29:09,16.05,23,36915,-1
13:29:06,16.06,2,3211,1
13:29:04,16.06,3,4818,1
13:29:00,16.05,71,113955,-1
13:28:58,16.06,7,11242,1
13:28:54,16.06,34,54603,1
13:28:51,16.06,1,1605,1
13:28:45,16.06,3,4818,1
13:28:42,16.05,17,27285,-1
13:28:36,16.06,18,28907,-1
13:28:33,16.06,13,20878,-1
13:28:30,16.06,36,57815,-1
13:28:27,16.09,14,22526,1
13:28:24,16.06,21,33726,-1
13:28:22,16.09,7,11263,1
13:28:15,16.07,5,8035,1
13:28:12,16.07,2,3214,1
13:28:09,16.07,16,25712,1
13:28:06,16.06,18,28907,-1
13:28:03,16.06,22,35332,1
13:28:00,16.05,20,32100,-1
13:27:57,16.06,11,17666,1
13:27:54,16.05,29,46545,-1
13:27:51,16.07,3,4821,1
13:27:49,16.05,31,49755,-1
13:27:45,16.07,7,11249,1
13:27:42,16.05,59,94695,-1
13:27:39,16.07,27,43389,1
13:27:36,16.07,1,1607,1
13:27:33,16.07,4,6428,1
13:27:30,16.07,1,1607,1
13:27:28,16.05,27,43335,-1
13:27:24,16.07,8,12856,1
13:27:21,16.05,31,49755,-1
13:27:18,16.05,24,38520,-1
13:27:15,16.05,22,35310,-1
13:27:12,16.07,9,14463,0
13:27:09,16.09,55,88495,1
13:27:06,16.07,16,25712,-1
13:26:57,16.09,2,3218,1
13:26:54,16.09,28,45052,1
13:26:48,16.09,17,27353,1
13:26:45,16.09,1,1609,1
13:26:42,16.06,15,24089,-1
13:26:39,16.06,10,16059,-1
13:26:33,16.09,8,12872,1
13:26:30,16.1,2,3220,1
13:26:27,16.05,21,33705,-1
13:26:24,16.1,2,3220,1
13:26:21,16.1,65,104650,1
13:26:18,16.1,9,14490,1
13:26:15,16.09,41,65969,1
13:26:06,16.09,1,1609,1
13:26:03,16.09,1,1609,1
13:26:00,16.09,8,12872,1
13:25:54,16.08,3,4823,-1
13:25:48,16.09,15,24135,1
13:25:45,16.09,7,11263,1
13:25:30,16.09,1,1609,1
13:25:27,16.09,12,19308,1
13:25:24,16.09,20,32180,1
13:25:21,16.08,35,56279,1
13:25:18,16.08,25,40199,1
13:25:15,16.08,1,1607,1
13:25:09,16.08,9,14471,1
13:25:06,16.08,9,14471,-1
13:24:57,16.09,12,19308,1
13:24:51,16.09,7,11263,1
13:24:45,16.09,1,1609,1
13:24:42,16.09,10,16090,1
13:24:39,16.09,2,3218,1
13:24:36,16.06,42,67452,-1
13:24:30,16.09,0,0,1
13:24:27,16.09,53,85277,1
13:24:24,16.06,3,4818,1
13:24:21,16.06,43,69058,1
13:24:18,16.06,1,1605,1
13:24:15,16.06,3,4818,1
13:24:12,16.06,2,3211,1
13:24:09,16.05,53,85065,-1
13:24:03,16.08,1,1607,1
13:24:00,16.08,7,11255,1
13:23:57,16.06,11,17666,-1
13:23:54,16.1,0,0,1
13:23:51,16.1,5,8050,1
13:23:48,16.06,80,128479,-1
13:23:42,16.1,5,8050,1
13:23:39,16.06,98,157388,-1
13:23:36,16.1,12,19320,1
13:23:33,16.1,49,78890,1
13:23:30,16.1,30,48300,1
13:23:27,16.1,17,27370,1
13:23:21,16.07,2,3214,-1
13:23:18,16.1,1,1610,1
13:23:15,16.1,8,12880,1
13:23:12,16.06,16,25695,-1
13:23:06,16.09,1,1609,1
13:23:03,16.06,10,16059,-1
13:23:00,16.1,0,0,1
13:22:57,16.1,1,1610,1
13:22:54,16.1,9,14490,1
13:22:51,16.06,44,70664,-1
13:22:45,16.1,18,28980,1
13:22:42,16.07,120,192840,-1
13:22:39,16.1,2,3220,1
13:22:36,16.1,54,86940,1
13:22:33,16.1,9,14490,1
13:22:30,16.1,20,32200,1
13:22:27,16.07,10,16070,-1
13:22:21,16.1,2,3220,1
13:22:18,16.1,25,40250,1
13:22:15,16.1,48,77280,1
13:22:12,16.09,1,1609,-1
13:22:09,16.1,2,3220,1
13:22:06,16.07,25,40175,-1
13:22:00,16.1,9,14490,1
13:21:57,16.09,4,6436,1
13:21:54,16.09,1,1609,1
13:21:51,16.1,23,37030,1
13:21:48,16.1,1,1610,1
13:21:45,16.1,1,1610,1
13:21:42,16.1,16,25760,1
13:21:39,16.06,150,240899,-1
13:21:36,16.07,5,8035,1
13:21:33,16.07,15,24105,1
13:21:30,16.06,371,595826,-1
13:21:27,16.07,21,33747,1
13:21:24,16.07,1,1607,1
13:21:21,16.07,2,3214,0
13:21:18,16.06,46,73876,-1
13:21:12,16.1,6,9660,1
13:21:09,16.07,68,109276,-1
13:21:06,16.08,4,6431,-1
13:21:00,16.11,5,8055,1
13:20:56,16.07,24,38568,-1
13:20:53,16.11,13,20943,1
13:20:51,16.11,21,33831,1
13:20:48,16.08,100,160799,-1
13:20:45,16.08,43,69143,-1
13:20:41,16.11,3,4833,1
13:20:39,16.08,30,48239,-1
13:20:32,16.11,1,1611,1
13:20:30,16.11,13,20943,1
13:20:20,16.1,1,1610,1
13:20:14,16.07,0,0,-1
13:20:11,16.07,4,6428,-1
13:20:08,16.11,1,1611,1
13:20:05,16.11,1,1611,1
13:20:02,16.11,16,25776,1
13:20:00,16.09,24,38616,-1
13:19:56,16.11,3,4833,1
13:19:53,16.07,52,83564,-1
13:19:50,16.11,35,56385,1
13:19:47,16.11,0,0,1
13:19:44,16.11,0,0,1
13:19:35,16.11,1,1611,1
13:19:32,16.06,10,16059,-1
13:19:29,16.11,1,1611,1
13:19:26,16.11,12,19332,1
13:19:23,16.11,17,27387,1
13:19:20,16.06,42,67452,-1
13:19:17,16.1,11,17710,-1
13:19:14,16.11,3,4833,1
13:19:11,16.07,65,104455,-1
13:19:08,16.09,10,16090,-1
13:19:02,16.1,8,12880,1
13:18:59,16.1,13,20930,1
13:18:56,16.1,67,107870,1
13:18:53,16.1,1,1610,1
13:18:50,16.1,23,37030,1
13:18:47,16.1,61,98210,1
13:18:44,16.1,1,1610,1
13:18:41,16.1,15,24150,1
13:18:38,16.1,118,189980,1
13:18:35,16.1,2,3220,1
13:18:32,16.09,18,28962,-1
13:18:29,16.1,2,3220,1
13:18:26,16.09,12,19308,-1
13:18:20,16.1,2,3220,1
13:18:17,16.09,7,11263,-1
13:18:08,16.1,1,1610,1
13:18:02,16.09,3,4827,0
13:17:59,16.1,10,16100,1
13:17:56,16.09,3,4827,1
13:17:53,16.1,0,0,1
13:17:47,16.1,1,1610,1
13:17:44,16.09,1,1609,1
13:17:41,16.09,2,3218,1
13:17:35,16.09,2,3218,1
13:17:32,16.09,5,8045,1
13:17:29,16.1,0,0,1
13:17:26,16.1,1,1610,1
13:17:23,16.1,31,49910,1
13:17:20,16.08,10,16079,-1
13:17:17,16.1,1,1610,1
13:17:14,16.1,29,46690,1
13:17:11,16.1,21,33810,1
13:17:08,16.09,11,17699,-1
13:17:05,16.09,34,54706,0
13:17:02,16.1,1,1610,1
13:16:59,16.1,5,8050,1
13:16:56,16.09,5,8045,-1
13:16:50,16.09,1,1609,1
13:16:47,16.09,1,1609,-1
13:16:41,16.1,18,28980,1
13:16:38,16.1,1,1610,1
13:16:34,16.1,2,3220,1
13:16:32,16.07,57,91599,-1
13:16:29,16.09,7,11263,0
13:16:26,16.1,4,6440,1
13:16:23,16.1,63,101430,1
13:16:20,16.11,0,0,1
13:16:14,16.11,1,1611,1
13:16:11,16.11,61,98271,1
13:16:08,16.1,1,1610,0
13:16:05,16.11,6,9666,1
13:16:02,16.11,16,25776,1
13:15:59,16.1,5,8050,1
13:15:55,16.08,14,22511,-1
13:15:47,16.09,0,0,0
13:15:44,16.09,11,17699,-1
13:15:41,16.11,14,22554,1
13:15:38,16.1,10,16100,1
13:15:32,16.1,1,1610,1
13:15:29,16.1,10,16100,1
13:15:25,16.1,2,3220,1
13:15:23,16.1,32,51520,1
13:15:20,16.1,21,33810,1
13:15:16,16.1,54,86940,1
13:15:14,16.07,26,41782,-1
13:15:10,16.1,14,22540,1
13:15:07,16.07,14,22498,-1
13:15:04,16.1,4,6440,1
13:15:01,16.1,82,132020,1
13:14:58,16.1,3,4830,1
13:14:49,16.1,1,1610,1
13:14:40,16.09,1,1609,-1
13:14:37,16.1,1,1610,1
13:14:34,16.09,26,41834,-1
13:14:31,16.1,1,1610,1
13:14:28,16.1,9,14490,1
13:14:25,16.1,3,4830,1
13:14:22,16.1,36,57960,1
13:14:19,16.1,11,17710,1
13:14:16,16.1,0,0,1
13:14:13,16.1,1,1610,1
13:14:07,16.1,1,1610,1
13:14:04,16.1,21,33810,1
13:13:58,16.1,17,27370,1
13:13:55,16.09,20,32180,0
13:13:52,16.1,2,3220,1
13:13:49,16.1,20,32200,1
13:13:46,16.08,16,25727,-1
13:13:43,16.08,11,17687,-1
13:13:40,16.1,19,30590,1
13:13:37,16.1,4,6440,1
13:13:34,16.1,1,1610,1
13:13:31,16.08,27,43415,-1
13:13:28,16.1,11,17710,1
13:13:25,16.1,67,107870,1
13:13:22,16.1,1,1610,1
13:13:19,16.1,13,20930,1
13:13:16,16.1,28,45080,1
13:13:13,16.08,28,45023,-1
13:13:10,16.1,4,6440,1
13:13:07,16.08,117,188135,1
13:13:04,16.07,1,1607,-1
13:12:58,16.08,1,1607,1
13:12:49,16.08,1,1607,1
13:12:46,16.08,17,27335,1
13:12:43,16.07,10,16070,-1
13:12:40,16.08,9,14471,-1
13:12:37,16.08,20,32159,-1
13:12:34,16.1,8,12880,1
13:12:31,16.1,51,82110,1
13:12:28,16.1,10,16100,1
13:12:25,16.1,1,1610,1
13:12:22,16.1,16,25760,1
13:12:16,16.09,1,1609,1
13:12:13,16.09,2,3218,1
13:12:10,16.08,16,25727,-1
13:12:04,16.09,1,1609,1
13:12:01,16.09,1,1609,1
13:11:58,16.09,12,19308,1
13:11:55,16.09,1,1609,1
13:11:52,16.09,4,6436,1
13:11:49,16.08,10,16079,-1
13:11:46,16.09,1,1609,1
13:11:43,16.08,32,51455,-1
13:11:40,16.1,2,3220,1
13:11:37,16.1,3,4830,1
13:11:34,16.09,53,85277,1
13:11:31,16.08,7,11255,-1
13:11:28,16.09,8,12872,1
13:11:22,16.08,1,1607,-1
13:11:19,16.08,10,16079,-1
13:11:16,16.09,1,1609,1
13:11:13,16.09,10,16090,1
13:11:07,16.09,6,9654,1
13:10:58,16.09,15,24135,1
13:10:46,16.09,2,3218,1
13:10:43,16.09,3,4827,1
13:10:40,16.09,50,80450,1
13:10:34,16.08,0,0,-1
13:10:31,16.08,10,16079,-1
13:10:25,16.1,3,4830,1
13:10:22,16.08,41,65928,-1
13:10:19,16.1,2,3220,1
13:10:16,16.09,21,33789,1
13:10:13,16.08,11,17687,-1
13:10:10,16.09,5,8045,1
13:10:07,16.08,12,19295,-1
13:10:04,16.09,4,6436,1
13:10:01,16.08,100,160799,-1
13:09:54,16.09,1,1609,1
13:09:51,16.08,11,17687,-1
13:09:49,16.08,10,16079,-1
13:09:45,16.08,4,6431,1
13:09:43,16.08,5,8039,1
13:09:40,16.08,1,1607,1
13:09:34,16.08,2,3215,1
13:09:30,16.08,18,28943,-1
13:09:28,16.09,2,3218,1
13:09:16,16.09,1,1609,1
13:09:09,16.09,2,3218,1
13:09:06,16.09,21,33789,1
13:09:00,16.08,11,17687,-1
13:08:57,16.09,1,1609,1
13:08:54,16.08,21,33768,-1
13:08:51,16.08,10,16079,-1
13:08:48,16.08,14,22511,1
13:08:45,16.07,11,17677,-1
13:08:42,16.08,1,1607,1
13:08:39,16.08,20,32159,1
13:08:33,16.08,2,3215,1
13:08:30,16.08,2,3215,-1
13:08:27,16.1,12,19320,1
13:08:21,16.1,1,1610,1
13:08:03,16.07,0,0,-1
13:08:00,16.07,14,22498,-1
13:07:57,16.1,11,17710,1
13:07:54,16.08,52,83615,1
13:07:51,16.08,1,1607,1
13:07:48,16.07,30,48210,-1
13:07:36,16.08,1,1607,1
13:07:30,16.07,11,17677,-1
13:07:27,16.08,18,28943,1
13:07:24,16.07,34,54638,-1
13:07:21,16.08,2,3215,0
13:07:18,16.07,30,48210,-1
13:07:15,16.1,2,3220,1
13:07:12,16.1,1,1610,1
13:07:09,16.11,39,62829,-1
13:07:03,16.12,1,1612,1
13:07:00,16.11,11,17721,1
13:06:57,16.11,1,1611,1
13:06:54,16.11,1,1611,1
13:06:45,16.11,1,1611,1
13:06:42,16.07,11,17677,-1
13:06:39,16.09,1,1609,-1
13:06:36,16.12,0,0,1
13:06:33,16.12,0,0,1
13:06:30,16.12,1,1612,1
13:06:27,16.12,35,56420,1
13:06:21,16.11,1,1611,0
13:06:15,16.12,1,1612,1
13:06:12,16.07,22,35354,-1
13:06:09,16.12,6,9672,1
13:06:06,16.07,118,189626,-1
13:06:03,16.11,5,8055,1
13:06:00,16.08,282,453455,-1
13:05:57,16.11,1,1611,1
13:05:54,16.11,4,6444,1
13:05:51,16.09,53,86741,-1
13:05:39,16.09,10,16090,-1
13:05:36,16.12,1,1612,1
13:05:33,16.12,1,1612,1
13:05:30,16.09,10,16090,-1
13:05:27,16.11,5,8055,-1
13:05:24,16.12,1,1612,1
13:05:15,16.11,22,35442,-1
13:05:12,16.12,12,19344,1
13:05:09,16.11,19,30609,1
13:05:03,16.11,1,1611,1
13:04:57,16.12,0,0,1
13:04:54,16.12,1,1612,1
13:04:51,16.12,12,19344,1
13:04:45,16.12,1,1612,1
13:04:42,16.09,38,61142,-1
13:04:39,16.12,4,6448,1
13:04:36,16.09,100,160900,-1
13:04:30,16.12,1,1612,1
13:04:27,16.12,12,19344,1
13:04:21,16.11,7,11277,0
13:04:18,16.12,0,0,1
13:04:15,16.12,1,1612,1
13:04:12,16.12,3,4836,1
13:04:06,16.1,0,0,1
13:04:00,16.1,3,4830,-1
13:03:54,16.12,1,1612,1
13:03:48,16.12,1,1612,1
13:03:39,16.12,1,1612,1
13:03:36,16.12,0,0,1
13:03:33,16.12,12,19344,1
13:03:30,16.08,41,65928,-1
13:03:27,16.12,1,1612,1
13:03:24,16.12,2,3224,1
13:03:21,16.12,53,85436,1
13:03:18,16.12,0,0,1
13:03:15,16.12,3,4836,1
13:03:03,16.11,1,1611,1
13:03:00,16.1,6,9660,1
13:02:54,16.08,0,0,-1
13:02:48,16.08,1,1607,-1
13:02:45,16.11,17,27387,1
13:02:42,16.1,2,3220,1
13:02:39,16.08,20,32159,-1
13:02:36,16.1,13,20930,-1
13:02:33,16.1,22,35420,-1
13:02:30,16.1,20,32200,-1
13:02:27,16.11,1,1611,1
13:02:24,16.08,15,24119,-1
13:02:21,16.1,100,161000,1
13:02:18,16.1,1,1610,1
13:02:15,16.1,41,66010,-1
13:02:00,16.12,2,3224,1
13:01:57,16.12,2,3224,1
13:01:54,16.11,10,16110,-1
13:01:48,16.12,4,6448,1
13:01:45,16.11,54,86994,-1
13:01:42,16.11,12,19332,-1
13:01:39,16.12,1,1612,1
13:01:36,16.11,34,54774,-1
13:01:33,16.12,55,88660,1
13:01:15,16.12,3,4836,1
13:01:12,16.12,14,22568,1
13:01:09,16.09,108,173772,-1
13:01:05,16.12,12,19344,1
13:01:03,16.12,29,46748,1
13:01:00,16.11,261,420471,1
13:00:57,16.11,34,54774,1
13:00:47,16.11,2,3222,1
13:00:44,16.11,17,27387,1
13:00:41,16.1,11,17710,-1
13:00:38,16.1,10,16100,-1
13:00:33,16.1,4,6440,-1
13:00:29,16.1,12,19320,1
13:00:27,16.1,32,51520,1
13:00:24,16.1,8,12880,1
13:00:21,16.1,30,48300,1
13:00:18,16.1,12,19320,1
13:00:15,16.1,44,70840,1
13:00:12,16.1,29,46690,1
13:00:09,16.1,25,40250,1
13:00:06,16.1,58,93380,0
13:00:03,16.11,66,106326,1
11:30:00,16.11,0,0,1
11:30:00,16.11,0,0,1
11:29:55,16.11,3,4833,1
11:29:52,16.1,29,46690,-1
11:29:49,16.11,3,4833,1
11:29:46,16.11,68,109548,1
11:29:43,16.11,7,11277,1
11:29:37,16.11,1,1611,1
11:29:34,16.11,10,16110,1
11:29:22,16.1,2,3220,0
11:29:19,16.11,2,3222,1
11:29:16,16.09,22,35398,-1
11:29:13,16.09,22,35398,-1
11:29:10,16.11,51,82161,1
11:29:07,16.11,10,16110,1
11:29:04,16.09,13,20917,-1
11:29:01,16.1,42,67620,-1
11:28:58,16.11,154,248094,1
11:28:55,16.11,28,45108,1
11:28:52,16.11,21,33831,1
11:28:49,16.11,369,594459,1
11:28:40,16.1,1,1610,1
11:28:28,16.1,2,3220,1
11:28:25,16.09,42,67578,1
11:28:22,16.08,43,69143,-1
11:28:16,16.09,5,8045,1
11:28:13,16.08,78,125423,-1
11:28:10,16.09,7,11263,1
11:28:07,16.08,140,225119,1
11:28:01,16.08,1,1607,1
11:27:58,16.06,20,32119,-1
11:27:55,16.08,4,6431,1
11:27:43,16.07,1,1607,0
11:27:34,16.08,1,1607,1
11:27:28,16.07,1,1607,0
11:27:25,16.08,16,25727,1
11:27:22,16.07,10,16070,-1
11:27:13,16.07,13,20891,1
11:27:10,16.07,1,1607,1
11:27:07,16.07,1,1607,1
11:27:04,16.07,5,8035,1
11:27:01,16.07,1,1607,1
11:26:58,16.05,25,40125,-1
11:26:55,16.07,17,27319,1
11:26:52,16.05,67,107535,-1
11:26:49,16.07,11,17677,1
11:26:46,16.06,160,256959,-1
11:26:43,16.07,1,1607,1
11:26:40,16.07,14,22498,1
11:26:37,16.07,2,3214,1
11:26:31,16.07,1,1607,1
11:26:28,16.06,5,8029,-1
11:26:25,16.07,29,46603,1
11:26:22,16.07,4,6428,1
11:26:16,16.07,1,1607,1
11:26:07,16.06,5,8029,-1
11:25:58,16.06,23,36938,-1
11:25:55,16.07,23,36961,1
11:25:52,16.06,57,91541,-1
11:25:46,16.06,21,33726,-1
11:25:43,16.07,5,8035,1
11:25:40,16.07,74,118918,1
11:25:34,16.07,2,3214,1
11:25:31,16.07,44,70708,1
11:25:28,16.06,106,170236,-1
11:25:25,16.07,17,27319,1
11:25:21,16.07,227,364789,1
11:25:18,16.07,1,1607,1
11:25:10,16.07,1,1607,1
11:25:00,16.06,10,16059,-1
11:24:58,16.07,2,3214,1
11:24:55,16.07,21,33747,1
11:24:48,16.05,15,24075,-1
11:24:45,16.06,7,11242,1
11:24:43,16.06,36,57815,1
11:24:39,16.05,13,20865,-1
11:24:37,16.06,1,1605,1
11:24:27,16.05,4,6420,1
11:24:15,16.06,0,0,1
11:24:12,16.06,15,24089,1
11:24:09,16.04,40,64160,-1
11:24:06,16.04,27,43308,-1
11:24:03,16.04,18,28872,-1
11:24:00,16.05,138,221490,-1
11:23:57,16.06,2,3211,1
11:23:54,16.06,26,41756,1
11:23:51,16.06,1,1605,1
11:23:45,16.05,11,17655,-1
11:23:39,16.06,1,1605,1
11:23:36,16.05,30,48150,-1
11:23:33,16.05,25,40125,-1
11:23:30,16.06,45,72270,1
11:23:27,16.06,5,8029,1
11:23:24,16.06,20,32119,1
11:23:18,16.06,5,8029,1
11:23:06,16.06,1,1605,1
11:23:03,16.05,7,11235,-1
11:23:00,16.06,1,1605,1
11:22:57,16.06,6,9636,1
11:22:51,16.05,11,17655,-1
11:22:48,16.06,3,4818,1
11:22:45,16.05,52,83460,-1
11:22:42,16.06,6,9636,1
11:22:39,16.06,123,197537,-1
11:22:36,16.07,3,4821,1
11:22:33,16.06,30,48179,-1
11:22:24,16.07,15,24105,1
11:22:14,16.06,1,1605,-1
11:22:12,16.07,1,1607,1
11:22:05,16.07,1,1607,1
11:22:03,16.06,40,64239,-1
11:22:00,16.07,3,4821,1
11:21:57,16.06,12,19272,-1
11:21:54,16.07,4,6428,1
11:21:51,16.05,30,48150,-1
11:21:48,16.05,20,32100,-1
11:21:45,16.07,1,1607,1
11:21:42,16.05,10,16050,-1
11:21:38,16.07,1,1607,1
11:21:36,16.05,14,22470,-1
11:21:33,16.06,51,81906,-1
11:21:29,16.06,30,48179,-1
11:21:27,16.07,11,17677,1
11:21:24,16.06,10,16059,-1
11:21:20,16.07,3,4821,1
11:21:18,16.06,35,56209,-1
11:21:15,16.07,5,8035,1
11:21:12,16.06,106,170236,-1
11:21:05,16.07,2,3214,1
11:21:03,16.06,31,49785,-1
11:20:56,16.06,27,43362,-1
11:20:50,16.07,1,1607,1
11:20:47,16.05,20,32100,-1
11:20:41,16.07,22,35354,1
11:20:35,16.07,1,1607,1
11:20:32,16.05,38,60990,-1
11:20:26,16.07,151,242657,1
11:20:23,16.06,23,36938,1
11:20:20,16.05,34,54570,-1
11:20:17,16.07,3,4821,1
11:20:14,16.07,34,54638,1
11:20:11,16.06,14,22484,-1
11:20:08,16.07,1,1607,1
11:20:05,16.06,57,91541,-1
11:20:02,16.06,30,48179,-1
11:19:59,16.07,15,24105,1
11:19:56,16.06,56,89936,-1
11:19:53,16.07,19,30533,1
11:19:50,16.06,21,33726,-1
11:19:47,16.07,9,14463,1
11:19:44,16.06,14,22484,1
11:19:41,16.06,13,20878,1
11:19:38,16.06,34,54603,-1
11:19:32,16.07,9,14463,1
11:19:29,16.07,24,38568,1
11:19:26,16.07,65,104455,1
11:19:23,16.05,1,1605,-1
11:19:20,16.07,0,0,1
11:19:17,16.07,13,20891,1
11:19:14,16.05,21,33705,-1
11:19:11,16.05,48,77040,-1
11:19:08,16.05,10,16050,-1
11:19:05,16.07,13,20891,1
11:19:02,16.05,228,365940,-1
11:18:59,16.07,10,16070,1
11:18:56,16.07,30,48210,1
11:18:53,16.05,589,945345,-1
11:18:47,16.07,4,6428,1
11:18:44,16.07,15,24105,1
11:18:41,16.07,101,162307,-1
11:18:35,16.06,11,17666,-1
11:18:32,16.08,1,1607,1
11:18:29,16.06,16,25695,-1
11:18:26,16.08,3,4823,1
11:18:23,16.07,1,1607,0
11:18:20,16.08,1,1607,1
11:18:17,16.08,1,1607,1
11:18:14,16.08,11,17687,1
11:18:11,16.08,39,62711,1
11:18:08,16.06,13,20878,-1
11:18:05,16.07,2,3214,1
11:18:02,16.06,11,17666,-1
11:17:59,16.08,41,65928,1
11:17:56,16.07,1,1607,1
11:17:50,16.07,24,38568,-1
11:17:47,16.08,4,6431,1
11:17:38,16.07,3,4821,-1
11:17:35,16.07,4,6428,-1
11:17:26,16.08,4,6431,1
11:17:17,16.08,1,1607,1
11:17:14,16.09,0,0,1
11:17:08,16.09,2,3218,1
11:17:02,16.06,34,54603,-1
11:16:59,16.09,0,0,1
11:16:56,16.09,27,43443,1
11:16:53,16.09,1,1609,1
11:16:44,16.09,1,1609,1
11:16:38,16.09,1,1609,1
11:16:35,16.06,10,16059,-1
11:16:32,16.06,11,17666,-1
11:16:26,16.09,2,3218,1
11:16:23,16.06,25,40150,-1
11:16:19,16.06,26,41756,-1
11:16:17,16.09,14,22526,1
11:16:14,16.07,11,17677,1
11:16:11,16.06,108,173448,-1
11:16:08,16.07,2,3214,1
11:16:04,16.06,42,67452,-1
11:16:02,16.09,14,22526,1
11:15:59,16.09,12,19308,1
11:15:56,16.09,93,149637,1
11:15:53,16.07,15,24105,-1
11:15:50,16.07,10,16070,-1
11:15:47,16.07,43,69101,-1
11:15:44,16.08,1,1607,1
11:15:41,16.08,50,80399,1
11:15:37,16.08,11,17687,1
11:15:34,16.08,1,1607,1
11:15:31,16.07,10,16070,-1
11:15:29,16.07,12,19284,-1
11:15:26,16.08,24,38591,-1
11:15:22,16.08,12,19295,-1
11:15:19,16.09,2,3218,1
11:15:16,16.08,24,38591,-1
11:15:13,16.08,43,69143,-1
11:15:11,16.08,1,1607,-1
11:15:07,16.09,27,43443,1
11:15:04,16.09,1,1609,1
11:14:58,16.09,1,1609,1
11:14:52,16.09,1,1609,1
11:14:49,16.09,10,16090,1
11:14:46,16.08,4,6431,-1
11:14:31,16.09,1,1609,-1
11:14:28,16.1,3,4830,1
11:14:25,16.1,2,3220,1
11:14:19,16.1,1,1610,1
11:14:07,16.1,1,1610,1
11:14:01,16.1,1,1610,1
11:13:55,16.1,11,17710,1
11:13:46,16.1,6,9660,1
11:13:34,16.09,10,16090,1
11:13:31,16.09,1,1609,1
11:13:28,16.09,2,3218,1
11:13:25,16.09,9,14481,1
11:13:13,16.07,2,3214,-1
11:13:07,16.1,0,0,1
11:13:04,16.1,5,8050,1
11:13:01,16.1,1,1610,1
11:12:55,16.1,9,14490,1
11:12:49,16.07,11,17677,-1
11:12:46,16.1,1,1610,1
11:12:43,16.1,3,4830,1
11:12:40,16.1,69,111090,1
11:12:31,16.07,20,32140,-1
11:12:28,16.1,1,1610,1
11:12:25,16.1,4,6440,1
11:12:22,16.07,30,48210,-1
11:12:19,16.1,2,3220,1
11:12:16,16.1,50,80500,1
11:12:13,16.07,10,16070,-1
11:12:07,16.1,1,1610,1
11:11:58,16.1,2,3220,1
11:11:55,16.1,21,33810,1
11:11:46,16.07,4,6428,-1
11:11:43,16.09,11,17699,1
11:11:40,16.1,0,0,1
11:11:34,16.1,2,3220,1
11:11:28,16.1,1,1610,1
11:11:25,16.1,30,48300,1
11:11:22,16.1,2,3220,1
11:11:19,16.1,6,9660,1
11:11:16,16.07,50,80350,-1
11:11:10,16.07,0,0,-1
11:11:07,16.07,13,20891,-1
11:11:01,16.1,1,1610,1
11:10:55,16.1,1,1610,1
11:10:52,16.07,10,16070,-1
11:10:49,16.1,1,1610,1
11:10:46,16.1,1,1610,1
11:10:43,16.07,25,40175,-1
11:10:40,16.09,0,0,1
11:10:37,16.09,3,4827,1
11:10:34,16.07,37,59459,-1
11:10:28,16.09,8,12872,1
11:10:25,16.07,150,241050,-1
11:10:16,16.09,1,1609,1
11:10:13,16.09,2,3218,1
11:10:10,16.1,0,0,1
11:10:04,16.1,1,1610,1
11:10:01,16.08,12,19295,-1
11:09:55,16.1,2,3220,1
11:09:40,16.08,3,4823,-1
11:09:37,16.1,9,14490,1
11:09:34,16.1,0,0,1
11:09:31,16.1,1,1610,1
11:09:28,16.1,1,1610,1
11:09:25,16.1,2,3220,1
11:09:19,16.1,1,1610,1
11:09:10,16.1,1,1610,1
11:09:07,16.08,10,16079,-1
11:09:01,16.1,1,1610,1
11:08:58,16.1,12,19320,0
11:08:55,16.08,18,28943,-1
11:08:49,16.1,8,12880,1
11:08:46,16.1,1,1610,1
11:08:43,16.08,33,53063,-1
11:08:37,16.1,4,6440,1
11:08:34,16.1,60,96600,1
11:08:25,16.1,13,20930,1
11:08:22,16.1,0,0,1
11:08:19,16.1,1,1610,1
11:08:16,16.08,10,16079,-1
11:08:13,16.1,3,4830,1
11:08:10,16.08,32,51455,-1
11:08:04,16.1,3,4830,0
11:08:01,16.08,40,64319,-1
11:07:58,16.08,10,16079,-1
11:07:55,16.11,3,4833,1
11:07:52,16.08,30,48239,-1
11:07:49,16.11,3,4833,1
11:07:46,16.1,29,46690,1
11:07:40,16.1,3,4830,1
11:07:37,16.1,53,85330,1
11:07:31,16.1,1,1610,1
11:07:25,16.1,3,4830,1
11:07:19,16.1,4,6440,-1
11:07:16,16.11,2,3222,1
11:07:13,16.08,16,25727,-1
11:07:07,16.11,11,17721,1
11:06:58,16.11,1,1611,1
11:06:55,16.11,5,8055,1
11:06:52,16.11,1,1611,1
11:06:49,16.11,7,11277,1
11:06:46,16.11,0,0,1
11:06:40,16.11,29,46719,1
11:06:37,16.11,1,1611,1
11:06:34,16.07,21,33747,-1
11:06:31,16.11,9,14499,1
11:06:28,16.07,12,19284,-1
11:06:25,16.07,30,48210,-1
11:06:22,16.11,25,40275,1
11:06:19,16.11,12,19332,1
11:06:16,16.1,64,103040,1
11:06:13,16.1,1,1610,1
11:05:58,16.09,4,6436,1
11:05:52,16.1,1,1610,1
11:05:46,16.07,11,17677,-1
11:05:43,16.1,25,40250,1
11:05:40,16.07,11,17677,-1
11:05:37,16.1,1,1610,1
11:05:34,16.08,10,16079,-1
11:05:31,16.1,3,4830,1
11:05:28,16.1,17,27370,1
11:05:25,16.08,75,120599,-1
11:05:22,16.1,10,16100,1
11:05:19,16.08,196,315167,-1
11:05:15,16.09,1,1609,1
11:05:12,16.09,6,9654,1
11:05:10,16.08,20,32159,-1
11:05:07,16.09,2,3218,1
11:05:04,16.09,20,32180,-1
11:04:57,16.09,11,17699,-1
11:04:54,16.09,12,19308,-1
11:04:51,16.1,42,67620,1
11:04:49,16.09,20,32180,-1
11:04:45,16.1,1,1610,1
11:04:42,16.1,21,33810,1
11:04:39,16.1,1,1610,1
11:04:36,16.1,28,45080,1
11:04:33,16.1,11,17710,1
11:04:30,16.08,41,65928,-1
11:04:27,16.09,1,1609,-1
11:04:24,16.11,23,37053,1
11:04:21,16.08,21,33768,-1
11:04:18,16.1,6,9660,-1
11:04:15,16.1,57,91770,1
11:04:13,16.1,0,0,1
11:04:06,16.1,2,3220,1
11:04:00,16.1,1,1610,1
11:03:51,16.07,8,12856,-1
11:03:48,16.1,1,1610,1
11:03:45,16.1,1,1610,1
11:03:42,16.07,10,16070,-1
11:03:36,16.07,25,40175,-1
11:03:33,16.1,45,72450,-1
11:03:30,16.1,44,70840,-1
11:03:27,16.11,8,12888,1
11:03:24,16.1,120,193200,1
11:03:21,16.07,0,0,-1
11:03:18,16.07,12,19284,-1
11:03:15,16.1,3,4830,1
11:03:12,16.1,40,64400,1
11:02:54,16.1,10,16100,1
11:02:51,16.1,2,3220,1
11:02:48,16.1,34,54740,1
11:02:45,16.1,11,17710,1
11:02:42,16.1,2,3220,1
11:02:39,16.07,21,33747,-1
11:02:36,16.1,3,4830,1
11:02:33,16.1,57,91770,1
11:02:30,16.09,27,43443,-1
11:02:27,16.1,15,24150,1
11:02:24,16.1,209,336924,1
11:02:21,16.1,1,1610,1
11:02:15,16.1,1,1610,1
11:02:12,16.09,8,12872,1
11:02:09,16.09,7,11263,-1
11:02:03,16.08,23,36983,-1
11:02:00,16.08,4,6431,-1
11:01:54,16.09,1,1609,1
11:01:51,16.07,10,16070,-1
11:01:45,16.07,11,17677,-1
11:01:42,16.1,1,1610,1
11:01:39,16.07,21,33747,-1
11:01:36,16.09,35,56315,1
11:01:33,16.08,10,16079,-1
11:01:30,16.1,0,0,1
11:01:27,16.1,2,3220,1
11:01:24,16.1,15,24150,1
11:01:15,16.09,0,0,1
11:01:06,16.09,2,3218,1
11:01:02,16.09,1,1609,1
11:01:00,16.07,11,17677,-1
11:00:57,16.1,1,1610,1
11:00:54,16.1,19,30590,1
11:00:50,16.1,2,3220,1
11:00:45,16.1,1,1610,1
11:00:42,16.1,50,80500,1
11:00:39,16.09,1,1609,-1
11:00:33,16.1,1,1610,1
11:00:30,16.1,7,11270,1
11:00:27,16.07,130,208910,-1
11:00:21,16.09,263,423167,-1
11:00:14,16.1,73,117530,-1
11:00:11,16.11,8,12888,1
11:00:09,16.1,152,244720,1
11:00:06,16.1,16,25760,1
10:59:56,16.1,16,25760,1
10:59:47,16.09,1,1609,1
10:59:44,16.09,1,1609,1
10:59:38,16.09,8,12872,1
10:59:26,16.09,6,9654,1
10:59:23,16.07,2,3214,1
10:59:17,16.07,1,1607,1
10:59:14,16.07,13,20891,1
10:59:11,16.07,4,6428,1
10:59:08,16.07,7,11249,1
10:59:05,16.06,60,96359,-1
10:59:02,16.07,9,14463,1
10:58:59,16.07,1,1607,1
10:58:56,16.07,94,151058,1
10:58:53,16.07,1,1607,1
10:58:47,16.06,10,16059,-1
10:58:44,16.07,12,19284,1
10:58:41,16.07,1,1607,1
10:58:38,16.07,35,56245,-1
10:58:32,16.09,13,20917,1
10:58:26,16.08,10,16079,1
10:58:20,16.08,1,1607,1
10:58:14,16.07,1,1607,-1
10:58:05,16.07,3,4821,-1
10:58:02,16.08,1,1607,1
10:57:59,16.08,1,1607,1
10:57:56,16.08,9,14471,1
10:57:53,16.07,15,24105,1
10:57:47,16.07,2,3214,1
10:57:44,16.06,10,16059,-1
10:57:41,16.07,5,8035,1
10:57:35,16.07,2,3214,1
10:57:32,16.07,1,1607,1
10:57:29,16.07,35,56245,-1
10:57:26,16.08,1,1607,1
10:57:23,16.08,2,3215,1
10:57:20,16.07,11,17677,-1
10:57:14,16.07,21,33747,-1
10:57:11,16.07,4,6428,-1
10:57:05,16.08,1,1607,1
10:57:02,16.06,21,33726,-1
10:56:59,16.08,2,3215,1
10:56:56,16.07,21,33747,-1
10:56:53,16.07,6,9642,-1
10:56:47,16.08,22,35375,-1
10:56:44,16.09,9,14481,1
10:56:41,16.09,2,3218,1
10:56:35,16.09,16,25744,1
10:56:29,16.09,6,9654,-1
10:56:26,16.1,11,17710,1
10:56:23,16.1,2,3220,1
10:56:20,16.1,1,1610,1
10:56:17,16.09,11,17699,1
10:56:14,16.09,7,11263,1
10:56:11,16.09,8,12872,-1
10:56:08,16.1,2,3220,1
10:56:05,16.09,15,24135,-1
10:55:59,16.09,7,11263,1
10:55:56,16.09,33,53097,1
10:55:47,16.09,0,0,1
10:55:44,16.09,3,4827,1
10:55:38,16.07,7,11249,-1
10:55:35,16.09,1,1609,1
10:55:31,16.06,21,33726,-1
10:55:29,16.07,21,33747,-1
10:55:25,16.1,1,1610,1
10:55:23,16.07,43,69101,-1
10:55:20,16.1,1,1610,1
10:55:16,16.1,1,1610,1
10:55:14,16.1,27,43470,1
10:55:10,16.07,10,16070,-1
10:55:07,16.1,4,6440,1
10:55:05,16.1,4,6440,1
10:55:01,16.1,101,162610,1
10:54:58,16.07,10,16070,-1
10:54:55,16.1,4,6440,1
10:54:49,16.1,16,25760,1
10:54:40,16.1,8,12880,1
10:54:34,16.07,10,16070,-1
10:54:28,16.1,1,1610,1
10:54:25,16.1,5,8050,1
10:54:22,16.06,11,17666,-1
10:54:19,16.11,2,3222,1
10:54:16,16.11,2,3222,1
10:54:13,16.06,38,61027,-1
10:54:10,16.1,3,4830,0
10:54:07,16.11,1,1611,1
10:54:04,16.06,86,138116,-1
10:54:01,16.1,20,32200,0
10:53:58,16.06,20,32119,-1
10:53:55,16.11,132,212652,1
10:53:52,16.07,1,1607,-1
10:53:49,16.1,18,28980,1
10:53:46,16.1,3,4830,1
10:53:43,16.1,41,66010,1
10:53:40,16.1,66,106260,1
10:53:37,16.1,0,0,1
10:53:34,16.1,2,3220,-1
10:53:31,16.11,3,4833,1
10:53:28,16.1,15,24150,1
10:53:25,16.03,0,0,-1
10:53:22,16.03,94,150682,-1
10:53:19,16.11,13,20943,1
10:53:16,16.1,4,6440,0
10:53:13,16.03,314,503342,-1
10:53:10,16.11,33,53163,1
10:53:07,16.11,20,32220,1
10:53:04,16.11,814,1311354,1
10:53:01,16.07,11,17677,-1
10:52:58,16.09,3,4827,1
10:52:55,16.09,48,77232,1
10:52:52,16.08,20,32159,-1
10:52:49,16.09,1,1609,1
10:52:46,16.08,54,86831,-1
10:52:43,16.08,27,43415,1
10:52:40,16.08,1,1607,1
10:52:37,16.08,102,164015,1
10:52:34,16.08,26,41807,1
10:52:31,16.08,1,1607,1
10:52:28,16.08,16,25727,1
10:52:25,16.07,123,197661,1
10:52:19,16.07,12,19284,1
10:52:16,16.07,37,59459,1
10:52:13,16.06,21,33726,-1
10:52:10,16.06,10,16059,-1
10:52:07,16.07,5,8035,1
10:52:04,16.07,81,130167,1
10:52:01,16.04,40,64160,-1
10:51:58,16.06,23,36938,1
10:51:55,16.06,36,57815,1
10:51:52,16.06,25,40150,1
10:51:49,16.06,21,33726,1
10:51:46,16.06,20,32119,1
10:51:43,16.06,1,1605,1
10:51:40,16.05,14,22470,-1
10:51:37,16.05,2,3210,-1
10:51:34,16.06,1,1605,1
10:51:31,16.06,1,1605,1
10:51:25,16.06,3,4818,1
10:51:19,16.06,3,4818,1
10:51:16,16.05,8,12840,-1
10:51:13,16.06,1,1605,1
10:51:10,16.06,1,1605,1
10:51:07,16.05,6,9630,-1
10:51:04,16.06,0,0,1
10:51:01,16.06,10,16059,1
10:50:58,16.04,6,9624,-1
10:50:55,16.05,4,6420,0
10:50:49,16.06,1,1605,1
10:50:46,16.06,16,25695,1
10:50:43,16.05,3,4815,1
10:50:40,16.05,21,33705,-1
10:50:37,16.05,2,3210,-1
10:50:28,16.06,1,1605,1
10:50:25,16.06,19,30513,1
10:50:22,16.04,11,17644,-1
10:50:19,16.07,1,1607,1
10:50:16,16.04,40,64160,-1
10:50:13,16.07,1,1607,1
10:50:10,16.06,2,4528,1
10:50:07,16.06,22,35332,1
10:50:04,16.06,3,4818,1
10:50:01,16.06,25,40150,1
10:49:58,16.06,1,1605,1
10:49:55,16.06,9,14453,1
10:49:43,16.06,4,6423,1
10:49:40,16.06,1,1605,1
10:49:37,16.06,10,16059,1
10:49:34,16.06,1,1605,1
10:49:31,16.05,14,22470,-1
10:49:25,16.06,10,16059,1
10:49:22,16.05,2,3210,-1
10:49:19,16.06,1,1605,1
10:49:13,16.06,4,6423,1
10:49:10,16.05,10,16050,-1
10:49:04,16.06,1,1605,1
10:49:01,16.05,6,9630,1
10:48:58,16.05,2,3210,1
10:48:55,16.05,15,24075,1
10:48:49,16.04,1,1604,1
10:48:46,16.02,11,17622,-1
10:48:43,16.04,1,1604,1
10:48:40,16.02,17,27234,-1
10:48:37,16.04,11,17644,-1
10:48:34,16.05,23,36915,0
10:48:31,16.03,35,56105,-1
10:48:28,16.06,11,17666,1
10:48:25,16.04,66,105864,-1
10:48:22,16.05,7,11235,1
10:48:19,16.04,14,22456,1
10:48:16,16.04,1,1604,1
10:48:13,16.03,11,17633,-1
10:48:10,16.04,1,1604,1
10:48:07,16.03,13,20839,-1
10:48:04,16.03,0,0,-1
10:48:01,16.03,10,16030,-1
10:47:58,16.03,0,0,0
10:47:55,16.03,13,20839,1
10:47:52,16.03,2,3206,-1
10:47:49,16.05,34,54570,1
10:47:46,16.02,56,89712,-1
10:47:43,16.02,69,110538,-1
10:47:40,16.05,260,417300,1
10:47:37,16.04,33,52932,1
10:47:34,16.02,36,57944,-1
10:47:31,16.02,36,57672,-1
10:47:28,16.03,11,17633,1
10:47:25,16.02,114,182628,-1
10:47:22,16.04,1,1604,1
10:47:19,16.02,10,16020,-1
10:47:16,16.04,1,1604,1
10:47:13,16.03,21,33663,-1
10:47:10,16.03,30,48090,-1
10:47:07,16.04,3,4812,1
10:47:04,16.03,39,63847,1
10:47:01,16.03,13,20839,1
10:46:58,16.01,55,88055,-1
10:46:55,16.03,25,40075,1
10:46:51,16.03,104,166712,1
10:46:48,16.03,14,22442,1
10:46:42,16.03,1,1603,1
10:46:39,16.03,26,41678,1
10:46:37,16.02,10,16020,-1
10:46:33,16.03,1,1603,1
10:46:30,16.02,27,43254,-1
10:46:27,16.03,3,4809,1
10:46:25,16.02,54,86508,1
10:46:21,16.02,1,1602,1
10:46:16,16.02,1,1602,1
10:46:13,16.01,13,20813,-1
10:46:09,16.02,3,4806,1
10:46:06,16.02,57,91314,1
10:46:04,16.02,15,24030,1
10:46:00,16.02,100,160200,1
10:45:57,16.02,23,36846,1
10:45:54,16.02,11,17622,1
10:45:51,16.02,17,27234,1
10:45:48,16.01,22,35222,-1
10:45:45,16.02,2,3204,1
10:45:42,16.01,40,64040,-1
10:45:37,16.03,1,1603,1
10:45:33,16.03,19,30457,1
10:45:30,16.01,46,73646,-1
10:45:27,16.03,11,17633,1
10:45:24,16.03,47,75341,1
10:45:15,16.02,1,1602,1
10:45:12,16.02,1,1602,0
10:45:09,16.01,14,22414,-1
10:45:06,16.01,25,40025,1
10:45:03,16.01,8,12808,1
10:45:00,16.0,110,176000,-1
10:44:57,16.01,2,3202,1
10:44:54,16.0,30,48000,-1
10:44:51,16.01,3,4803,0
10:44:48,16.0,23,36800,-1
10:44:45,16.01,24,38424,1
10:44:42,16.0,198,316800,-1
10:44:39,16.02,40,64080,1
10:44:36,16.02,187,299574,1
10:44:30,16.02,1,1602,1
10:44:27,16.02,2,3204,1
10:44:24,16.01,10,16010,-1
10:44:21,16.02,1,1602,1
10:44:18,16.01,10,16010,-1
10:44:12,16.01,10,16010,-1
10:44:09,16.02,3,4806,1
10:44:03,16.02,6,9612,0
10:44:00,16.03,13,20839,1
10:43:57,16.03,15,24045,1
10:43:54,16.0,21,33600,-1
10:43:51,15.99,0,0,-1
10:43:48,15.99,23,36777,-1
10:43:45,16.03,2,3206,1
10:43:42,15.99,61,97539,-1
10:43:39,16.0,4,6400,-1
10:43:36,16.0,47,75200,1
10:43:33,15.99,115,183885,0
10:43:30,15.97,225,359325,-1
10:43:27,15.99,12,19188,1
10:43:24,15.99,810,1295190,-1
10:43:21,15.99,32,51168,-1
10:43:18,16.0,3,4800,1
10:43:15,15.99,18,28782,-1
10:43:12,16.0,5,8000,1
10:43:09,16.0,75,120272,-1
10:43:06,16.0,55,88000,-1
10:43:03,16.02,7,11214,1
10:43:00,16.0,32,51200,-1
10:42:57,16.0,54,87728,-1
10:42:54,16.02,116,185832,1
10:42:51,15.99,34,54366,-1
10:42:48,15.99,24,38376,-1
10:42:45,15.99,61,97539,-1
10:42:42,16.01,50,80050,1
10:42:39,15.99,153,244647,-1
10:42:36,16.0,44,70400,-1
10:42:33,16.0,45,72000,-1
10:42:30,16.0,11,17600,-1
10:42:27,16.01,21,33621,1
10:42:24,16.0,70,112000,1
10:42:21,16.0,4,6400,0
10:42:18,15.99,75,119925,-1
10:42:15,16.0,50,80000,-1
10:42:12,16.01,68,108868,1
10:42:09,15.99,154,246246,-1
10:42:06,16.03,20,32060,1
10:42:03,16.0,573,916800,-1
10:42:00,16.01,33,52833,-1
10:41:57,16.01,22,35222,-1
10:41:54,16.01,35,56035,1
10:41:51,16.01,2,3202,1
10:41:48,16.01,2,3202,1
10:41:45,16.01,34,54434,-1
10:41:42,16.02,1,1602,1
10:41:39,16.02,2,3204,1
10:41:36,16.01,10,16010,-1
10:41:32,16.02,11,17622,1
10:41:30,16.01,12,19212,-1
10:41:27,16.03,7,11221,-1
10:41:24,16.03,22,35266,-1
10:41:21,16.04,1,1604,1
10:41:18,16.04,10,16040,1
10:41:15,16.03,38,60914,-1
10:41:12,16.03,40,64120,-1
10:41:09,16.03,50,80150,1
10:41:05,16.02,47,75294,-1
10:41:03,16.03,31,49693,1
10:41:00,16.03,1,1603,1
10:40:57,16.03,1,1603,1
10:40:53,16.0,37,59200,-1
10:40:51,16.02,10,16020,1
10:40:47,16.0,127,203200,-1
10:40:44,16.02,5,8010,1
10:40:41,16.0,105,168000,-1
10:40:39,16.02,9,14418,1
10:40:36,16.0,125,200000,-1
10:40:32,16.02,16,25632,0
10:40:29,16.05,350,561750,1
10:40:27,16.04,36,57744,1
10:40:24,16.0,1003,1604800,-1
10:40:20,16.03,40,64120,1
10:40:17,16.05,1,1605,1
10:40:15,16.05,2,3210,1
10:40:12,16.04,37,59348,1
10:40:09,16.02,13,20826,-1
10:40:06,16.02,166,265932,-1
10:40:03,16.05,11,17655,1
10:40:00,16.04,367,588668,1
10:39:56,16.03,5,8015,0
10:39:50,16.03,38,60914,1
10:39:44,16.03,12,19236,1
10:39:41,16.03,2,3206,1
10:39:38,16.02,33,52866,-1
10:39:35,16.02,32,51264,-1
10:39:32,16.03,7,11221,-1
10:39:29,16.03,78,125034,-1
10:39:26,16.05,50,80250,1
10:39:23,16.05,5,8025,1
10:39:20,16.03,12,19236,-1
10:39:17,16.03,137,219611,-1
10:39:14,16.05,5,8025,1
10:39:11,16.03,10,16030,-1
10:39:08,16.05,2,3210,1
10:39:02,16.03,11,17633,-1
10:38:59,16.05,1,1605,1
10:38:56,16.05,15,24075,1
10:38:53,16.03,11,17633,-1
10:38:50,16.02,21,33738,-1
10:38:47,16.05,14,22470,1
10:38:44,16.04,11,17644,1
10:38:41,16.04,76,121904,1
10:38:38,16.03,1,1603,0
10:38:35,16.02,10,16020,-1
10:38:32,16.04,12,19248,1
10:38:29,16.02,12,19320,-1
10:38:26,16.03,48,76944,-1
10:38:23,16.03,6,9618,-1
10:38:20,16.03,10,16030,-1
10:38:17,16.03,18,28854,-1
10:38:14,16.03,9,14427,-1
10:38:11,16.03,23,36869,-1
10:38:08,16.03,2,3206,1
10:38:05,16.02,16,25632,-1
10:38:02,16.02,118,189036,-1
10:37:59,16.04,1,1604,1
10:37:56,16.04,2,3208,1
10:37:53,16.02,50,80116,-1
10:37:50,16.04,11,19231,-1
10:37:47,16.06,1,1605,1
10:37:44,16.06,26,41756,1
10:37:41,16.04,10,16040,-1
10:37:38,16.03,10,16030,-1
10:37:35,16.05,5,8025,1
10:37:32,16.03,12,19236,-1
10:37:29,16.03,32,51296,-1
10:37:26,16.04,11,17644,1
10:37:23,16.04,42,67368,1
10:37:20,16.02,72,115344,-1
10:37:17,16.03,10,16030,-1
10:37:14,16.05,12,19260,1
10:37:11,16.04,152,243808,1
10:37:08,16.03,2,3206,1
10:37:05,16.02,16,25632,-1
10:37:02,16.02,61,97722,-1
10:36:59,16.04,34,54536,1
10:36:56,16.04,33,52932,1
10:36:53,16.03,41,65723,1
10:36:50,16.03,29,46487,1
10:36:47,16.03,7,11221,1
10:36:44,16.03,68,109004,1
10:36:41,16.03,66,105798,-1
10:36:38,16.06,42,67452,0
10:36:35,16.05,33,52965,1
10:36:32,16.05,6,9630,1
10:36:29,16.05,89,142845,1
10:36:26,16.04,25,40100,1
10:36:23,16.04,2,3208,1
10:36:20,16.04,63,101052,-1
10:36:17,16.05,66,105930,1
10:36:14,16.05,7,11235,1
10:36:11,16.04,147,235788,-1
10:36:08,16.08,132,212255,1
10:36:05,16.05,14,22470,1
10:36:02,16.05,312,500776,-1
10:35:59,16.07,1,1607,1
10:35:56,16.07,29,46603,1
10:35:53,16.06,2,3211,1
10:35:50,16.05,0,0,-1
10:35:46,16.05,15,24075,-1
10:35:43,16.07,1,1607,1
10:35:40,16.07,1,1607,1
10:35:37,16.05,36,57780,-1
10:35:35,16.06,18,28907,-1
10:35:32,16.06,6,9636,-1
10:35:29,16.07,105,168735,1
10:35:25,16.05,58,93090,-1
10:35:22,16.07,27,43389,1
10:35:19,16.06,15,24089,0
10:35:16,16.05,100,160500,-1
10:35:13,16.05,11,17655,-1
10:35:10,16.06,4,6423,0
10:35:07,16.05,20,32100,-1
10:35:04,16.05,22,35310,-1
10:34:58,16.05,11,17655,-1
10:34:49,16.05,11,17655,-1
10:34:46,16.06,3,4834,0
10:34:43,16.07,12,19284,1
10:34:40,16.06,73,118699,-1
10:34:37,16.06,11,17666,-1
10:34:34,16.07,6,9642,0
10:34:31,16.08,4,6431,1
10:34:28,16.06,27,43362,-1
10:34:25,16.08,14,22511,1
10:34:19,16.06,42,67452,-1
10:34:16,16.06,7,11242,-1
10:34:13,16.06,7,11242,-1
10:34:10,16.06,60,96359,-1
10:34:07,16.06,12,19272,-1
10:34:04,16.07,7,11265,0
10:34:01,16.08,1,1607,1
10:33:58,16.08,3,4823,1
10:33:55,16.08,1,1607,1
10:33:52,16.06,56,89936,-1
10:33:49,16.06,11,17794,-1
10:33:40,16.07,2,3214,1
10:33:37,16.07,41,65887,0
10:33:34,16.07,1,1607,1
10:33:31,16.06,12,19272,-1
10:33:28,16.07,21,33747,1
10:33:25,16.07,1,1607,1
10:33:22,16.07,1,1607,0
10:33:19,16.08,11,17687,1
10:33:16,16.08,11,17687,1
10:33:13,16.06,21,33726,-1
10:33:10,16.08,1,2910,1
10:33:07,16.08,35,56279,1
10:33:04,16.06,77,123661,-1
10:32:58,16.07,21,33747,1
10:32:55,16.07,31,49817,1
10:32:49,16.06,0,16,-1
10:32:46,16.06,1,2023,-1
10:32:43,16.07,3,4821,1
10:32:40,16.07,10,16070,1
10:32:37,16.06,2,3211,-1
10:32:34,16.07,2,3214,1
10:32:31,16.07,11,17677,0
10:32:28,16.06,10,16059,-1
10:32:25,16.08,0,0,1
10:32:22,16.08,11,17687,1
10:32:19,16.08,11,17800,1
10:32:16,16.07,2,3214,1
10:32:13,16.09,22,35398,1
10:32:10,16.09,1,1609,1
10:32:07,16.07,5,8035,0
10:32:04,16.06,46,74181,-1
10:32:01,16.09,23,37007,1
10:31:58,16.09,17,27353,1
10:31:55,16.09,120,193080,1
10:31:52,16.09,21,33789,1
10:31:49,16.09,21,33789,1
10:31:46,16.09,6,9654,1
10:31:43,16.08,41,65928,1
10:31:40,16.08,7,11255,1
10:31:37,16.08,36,57887,1
10:31:34,16.07,11,18737,-1
10:31:31,16.09,11,17699,1
10:31:28,16.09,14,22526,1
10:31:25,16.09,42,67578,1
10:31:22,16.07,19,30533,-1
10:31:19,16.08,19,30551,1
10:31:16,16.07,45,72315,-1
10:31:13,16.08,1,1607,1
10:31:10,16.08,12,19295,1
10:31:07,16.08,44,70751,1
10:31:04,16.08,32,51455,1
10:31:01,16.08,69,110951,1
10:30:58,16.08,64,102911,1
10:30:55,16.08,49,78791,1
10:30:52,16.08,127,204215,1
10:30:49,16.07,115,184805,-1
10:30:46,16.08,4,6431,1
10:30:43,16.07,25,40175,-1
10:30:40,16.07,280,449960,1
10:30:37,16.06,10,16059,-1
10:30:34,16.07,7,11249,1
10:30:31,16.06,19,30513,1
10:30:25,16.05,3,5007,-1
10:30:22,16.05,44,70620,-1
10:30:19,16.06,61,97965,0
10:30:16,16.05,29,46545,-1
10:30:13,16.07,11,17677,1
10:30:10,16.05,195,312975,-1
10:30:07,16.05,40,64200,-1
10:30:04,16.06,9,14453,0
10:30:01,16.07,13,20891,1
10:29:58,16.07,22,35354,1
10:29:55,16.05,38,60990,-1
10:29:52,16.06,6,9636,1
10:29:49,16.06,30,48179,-1
10:29:46,16.07,18,28926,1
10:29:43,16.07,6,9642,1
10:29:37,16.07,10,16070,1
10:29:34,16.06,3,4818,-1
10:29:31,16.07,5,8035,1
10:29:28,16.07,1,1607,1
10:29:25,16.07,5,8035,1
10:29:19,16.07,16,25712,1
10:29:16,16.06,15,24796,1
10:29:13,16.06,49,78694,-1
10:29:07,16.07,3,5013,1
10:29:04,16.07,51,81957,1
10:28:58,16.06,3,4818,1
10:28:52,16.06,13,20878,0
10:28:49,16.07,6,9642,1
10:28:46,16.07,2,3214,1
10:28:43,16.06,4,7323,-1
10:28:40,16.06,6,9636,-1
10:28:37,16.06,15,24089,-1
10:28:34,16.07,33,53031,1
10:28:31,16.07,13,20891,1
10:28:28,16.06,69,110813,-1
10:28:25,16.07,1,1607,1
10:28:19,16.06,11,17666,-1
10:28:16,16.07,1,1607,1
10:28:13,16.06,21,33726,-1
10:28:10,16.06,21,33726,-1
10:28:07,16.07,1,1607,1
10:28:04,16.06,13,20878,-1
10:28:01,16.08,1,1607,1
10:27:58,16.06,13,20878,-1
10:27:55,16.08,19,30551,1
10:27:52,16.06,4,7243,-1
10:27:49,16.08,3,4823,1
10:27:40,16.08,10,16079,1
10:27:37,16.08,6,9647,1
10:27:34,16.06,17,27301,-1
10:27:31,16.06,0,224,-1
10:27:28,16.06,9,15722,-1
10:27:25,16.07,3,4821,1
10:27:22,16.06,22,35332,0
10:27:19,16.05,24,38520,-1
10:27:15,16.08,9,14471,1
10:27:12,16.07,21,33747,1
10:27:09,16.06,91,146146,-1
10:27:07,16.08,4,6431,1
10:27:04,16.07,73,117311,-1
10:27:00,16.08,63,101303,1
10:26:57,16.08,2,3215,1
10:26:55,16.07,14,22546,-1
10:26:52,16.08,1,1607,1
10:26:49,16.08,4,6431,1
10:26:46,16.08,14,22511,1
10:26:42,16.08,8,12863,1
10:26:40,16.08,18,28943,1
10:26:36,16.08,9,14471,1
10:26:33,16.07,14,22498,-1
10:26:30,16.08,4,6431,1
10:26:27,16.08,46,73967,1
10:26:24,16.08,20,32159,1
10:26:22,16.08,1,1607,1
10:26:19,16.07,49,78743,1
10:26:16,16.06,48,77088,-1
10:26:13,16.07,48,77136,1
10:26:09,16.07,13,20891,1
10:26:07,16.07,5,8035,1
10:26:03,16.07,51,81957,1
10:26:00,16.06,7,11675,0
10:25:57,16.05,12,19260,-1
10:25:54,16.07,2,3214,0
10:25:52,16.08,36,57887,1
10:25:48,16.08,4,6431,1
10:25:45,16.05,45,72225,-1
10:25:42,16.08,15,24361,1
10:25:39,16.04,205,328820,-1
10:25:36,16.08,4,6431,1
10:25:33,16.08,3,4823,1
10:25:30,16.05,22,35310,-1
10:25:27,16.06,9,14453,-1
10:25:24,16.06,51,81906,-1
10:25:21,16.07,57,91599,1
10:25:18,16.07,2,3230,1
10:25:15,16.07,10,16070,1
10:25:12,16.07,9,14463,1
10:25:09,16.06,19,30513,-1
10:25:03,16.07,22,35354,1
10:25:00,16.06,8,12847,-1
10:24:57,16.07,34,55634,1
10:24:54,16.06,84,135723,-1
10:24:51,16.06,13,20878,-1
10:24:45,16.07,4,6428,1
10:24:42,16.06,5,8029,-1
10:24:39,16.07,7,11249,1
10:24:36,16.07,1,1607,1
10:24:33,16.06,16,25695,-1
10:24:30,16.06,29,46573,-1
10:24:27,16.07,45,73102,1
10:24:24,16.06,114,183083,1
10:24:21,16.05,24,38520,-1
10:24:18,16.06,57,91541,1
10:24:15,16.05,6,9630,-1
10:24:12,16.05,36,57780,-1
10:24:06,16.05,1,2568,-1
10:24:03,16.06,11,17730,1
10:24:00,16.05,5,8025,-1
10:23:57,16.06,3,4818,1
10:23:54,16.06,25,40150,1
10:23:51,16.06,16,25695,1
10:23:48,16.04,77,123508,-1
10:23:45,16.04,27,43308,-1
10:23:42,16.05,137,219885,1
10:23:39,16.04,19,30476,-1
10:23:36,16.05,30,48150,1
10:23:33,16.05,1,1605,1
10:23:30,16.05,43,69047,1
10:23:27,16.05,2,3210,1
10:23:24,16.04,38,60952,-1
10:23:21,16.05,1,1605,1
10:23:18,16.05,3,4831,1
10:23:15,16.04,52,83440,-1
10:23:09,16.05,3,4815,1
10:23:03,16.04,3,4812,-1
10:22:54,16.05,3,4815,1
10:22:51,16.03,0,48,-1
10:22:48,16.03,13,20839,-1
10:22:45,16.04,20,32080,-1
10:22:42,16.05,8,12840,1
10:22:39,16.05,32,51360,-1
10:22:36,16.06,11,17666,1
10:22:33,16.06,14,22484,1
10:22:30,16.03,15,24045,0
10:22:27,16.02,44,70488,-1
10:22:24,16.06,78,125267,1
10:22:21,16.03,10,16030,-1
10:22:18,16.05,1,1605,1
10:22:15,16.03,20,32060,1
10:22:12,16.02,10,16020,-1
10:22:09,16.03,1,1603,1
10:22:06,16.04,11,17644,-1
10:22:03,16.05,1,1605,1
10:22:00,16.03,11,17633,0
10:21:57,16.04,32,51344,1
10:21:54,16.04,2,3208,1
10:21:51,16.01,25,40025,-1
10:21:48,16.04,1,1604,0
10:21:45,16.05,52,83460,1
10:21:42,16.03,9,14427,1
10:21:39,16.05,178,285690,1
10:21:36,16.0,51,81600,-1
10:21:33,16.05,535,858835,1
10:21:30,16.05,22,35310,1
10:21:26,16.05,4,6420,1
10:21:24,16.05,44,71615,1
10:21:21,16.03,21,34063,-1
10:21:18,16.04,0,208,-1
10:21:15,16.05,0,0,1
10:21:12,16.05,1,1605,1
10:21:08,16.05,4,6420,1
10:21:06,16.01,0,0,-1
10:21:03,16.01,20,32020,-1
10:21:00,16.01,16,25616,-1
10:20:57,16.05,3,4815,1
10:20:54,16.01,63,100863,-1
10:20:50,16.01,41,65641,-1
10:20:47,16.01,37,59237,-1
10:20:44,16.01,35,56035,-1
10:20:42,16.04,111,178044,1
10:20:39,16.0,43,68800,-1
10:20:35,16.01,41,65641,1
10:20:32,16.01,5,8005,1
10:20:29,16.0,66,105600,-1
10:20:26,16.0,106,169600,-1
10:20:23,16.01,1,1601,1
10:20:20,16.0,26,41600,1
10:20:17,16.0,7,11200,1
10:20:14,16.0,136,217600,1
10:20:11,16.0,5,8000,1
10:20:08,16.0,26,41600,0
10:20:05,15.99,108,172692,-1
10:20:02,16.01,30,48030,-1
10:19:59,16.03,43,68929,1
10:19:56,16.0,324,518400,1
10:19:53,15.98,93,150052,-1
10:19:50,16.0,16,25600,0
10:19:47,15.99,506,809094,-1
10:19:44,15.99,37,59163,-1
10:19:41,16.0,187,299200,1
10:19:38,15.99,177,283023,-1
10:19:35,15.99,96,153504,-1
10:19:32,16.01,120,192120,0
10:19:29,15.99,232,370968,-1
10:19:26,16.01,177,283377,1
10:19:23,16.0,425,680000,-1
10:19:20,16.01,302,483502,-1
10:19:17,16.0,279,446400,-1
10:19:14,16.0,135,216000,-1
10:19:11,16.0,305,488000,-1
10:19:08,16.01,17,27217,1
10:19:05,16.01,366,585966,-1
10:19:02,16.03,7,11221,1
10:18:59,16.03,66,105798,1
10:18:56,16.02,187,299574,-1
10:18:53,16.03,22,35266,-1
10:18:50,16.04,56,89824,1
10:18:47,16.04,7,11228,1
10:18:44,16.04,23,36892,1
10:18:41,16.03,52,83356,-1
10:18:38,16.04,72,115488,-1
10:18:35,16.04,4,6416,-1
10:18:32,16.04,18,28872,1
10:18:29,16.03,72,115416,-1
10:18:26,16.04,9,14436,1
10:18:23,16.04,80,128320,-1
10:18:20,16.05,191,306571,-1
10:18:17,16.05,67,107535,-1
10:18:14,16.05,25,40125,-1
10:18:11,16.05,18,28890,-1
10:18:08,16.07,44,70708,1
10:18:05,16.06,12,19272,1
10:18:02,16.05,108,173340,-1
10:17:56,16.06,8,12847,0
10:17:53,16.08,18,28943,1
10:17:50,16.07,10,16070,0
10:17:47,16.05,424,680520,-1
10:17:44,16.07,23,36961,-1
10:17:41,16.08,10,16079,-1
10:17:38,16.09,20,32180,1
10:17:35,16.08,4,6431,-1
10:17:32,16.09,5,8045,1
10:17:29,16.09,53,86692,-1
10:17:26,16.1,3,4830,-1
10:17:20,16.11,1,1611,1
10:17:17,16.1,9,14490,-1
10:17:14,16.11,7,11277,0
10:17:11,16.13,64,103232,1
10:17:08,16.12,11,17732,1
10:17:05,16.09,14,22686,-1
10:17:02,16.09,5,8045,-1
10:16:53,16.12,1,1612,1
10:16:49,16.09,4,6436,-1
10:16:47,16.09,13,20949,0
10:16:44,16.07,40,64280,-1
10:16:41,16.07,42,67494,-1
10:16:38,16.07,4,7552,-1
10:16:34,16.07,4,6652,-1
10:16:32,16.07,23,37202,1
10:16:29,16.07,41,65887,1
10:16:25,16.07,21,33747,1
10:16:23,16.07,10,16070,1
10:16:19,16.07,4,6428,1
10:16:16,16.07,236,380617,-1
10:16:14,16.1,50,80500,-1
10:16:10,16.14,174,281497,1
10:16:07,16.08,205,329639,0
10:16:04,16.09,57,91713,1
10:16:01,16.07,24,38568,-1
10:15:58,16.08,9,14841,1
10:15:55,16.07,21,33763,-1
10:15:52,16.07,208,335059,-1
10:15:49,16.08,341,549099,-1
10:15:46,16.09,225,362025,1
10:15:43,16.08,60,96479,-1
10:15:40,16.09,27,43443,1
10:15:37,16.09,32,51488,-1
10:15:34,16.09,139,223651,-1
10:15:31,16.09,8,12872,-1
10:15:28,16.1,18,28980,1
10:15:25,16.09,178,286402,-1
10:15:22,16.09,7,11263,-1
10:15:19,16.09,19,30571,-1
10:15:13,16.1,4,6440,1
10:15:10,16.1,16,25760,1
10:15:07,16.1,22,35420,1
10:15:04,16.1,5,8050,1
10:15:01,16.1,520,837377,-1
10:14:58,16.12,13,20956,1
10:14:55,16.12,47,75764,1
10:14:52,16.12,1,1612,1
10:14:49,16.12,9,14508,1
10:14:46,16.11,53,85383,-1
10:14:43,16.12,1,1612,1
10:14:40,16.11,4,6444,-1
10:14:37,16.13,2,3226,1
10:14:34,16.14,16,25824,1
10:14:31,16.11,301,485893,-1
10:14:28,16.12,9,14508,-1
10:14:25,16.13,8,12904,1
10:14:22,16.12,2,3224,-1
10:14:16,16.12,10,16120,-1
10:14:10,16.13,10,16129,1
10:14:07,16.13,70,112910,1
10:14:04,16.12,8,12896,-1
10:14:01,16.13,1,1613,1
10:13:58,16.12,5,8060,-1
10:13:55,16.12,13,20956,1
10:13:52,16.11,33,53163,-1
10:13:46,16.12,1,1612,1
10:13:43,16.12,11,17732,1
10:13:40,16.12,5,8060,1
10:13:37,16.12,105,170114,-1
10:13:34,16.12,25,40300,-1
10:13:31,16.13,10,16129,1
10:13:28,16.13,1,1613,1
10:13:25,16.13,2,3226,1
10:13:22,16.13,26,41938,1
10:13:16,16.13,4,6452,1
10:13:13,16.12,29,46748,-1
10:13:10,16.13,8,12904,1
10:13:07,16.12,20,32240,-1
10:13:04,16.13,1,1613,1
10:13:01,16.13,2,3226,1
10:12:55,16.13,8,12904,1
10:12:49,16.12,2,3224,-1
10:12:46,16.12,6,9881,-1
10:12:31,16.13,3,4839,1
10:12:28,16.12,40,64480,-1
10:12:25,16.13,54,87102,1
10:12:22,16.13,42,67746,1
10:12:19,16.12,8,12912,-1
10:12:16,16.12,12,19344,-1
10:12:13,16.13,6,9678,1
10:12:10,16.13,10,16129,1
10:12:07,16.12,200,322931,-1
10:12:01,16.13,1,1613,1
10:11:58,16.13,49,80633,-1
10:11:55,16.13,325,524224,-1
10:11:52,16.14,19,30666,1
10:11:49,16.13,4,6452,-1
10:11:46,16.14,21,33894,1
10:11:43,16.13,0,1371,-1
10:11:40,16.14,2,3228,1
10:11:37,16.14,3,4858,1
10:11:34,16.14,30,48452,1
10:11:31,16.14,1,1614,1
10:11:28,16.14,11,17754,1
10:11:25,16.14,8,12912,1
10:11:22,16.14,20,32280,-1
10:11:19,16.15,6,9690,1
10:11:16,16.15,1,1614,1
10:11:13,16.15,28,45219,1
10:11:10,16.14,40,64560,-1
10:11:07,16.15,7,11304,1
10:11:04,16.14,136,219504,-1
10:10:58,16.14,12,19368,-1
10:10:55,16.15,6,9690,1
10:10:52,16.15,14,23869,-1
10:10:49,16.15,1,1631,-1
10:10:46,16.16,3,4848,1
10:10:43,16.15,16,25839,-1
10:10:40,16.15,5,8414,1
10:10:37,16.15,53,87177,-1
10:10:31,16.16,1,1616,1
10:10:28,16.16,1,1648,1
10:10:25,16.14,31,50034,-1
10:10:22,16.16,210,339360,1
10:10:19,16.15,10,16149,1
10:10:13,16.15,6,9690,1
10:10:10,16.15,112,181542,-1
10:10:07,16.16,10,16160,1
10:10:04,16.16,1,1616,1
10:10:01,16.15,26,41989,-1
10:09:58,16.15,3,4845,-1
10:09:55,16.16,1,1616,1
10:09:52,16.15,31,51017,-1
10:09:49,16.16,8,12928,1
10:09:46,16.15,185,299501,1
10:09:43,16.15,1,1614,1
10:09:40,16.14,5,8086,-1
10:09:37,16.14,0,371,-1
10:09:34,16.15,0,0,1
10:09:25,16.15,2,3229,1
10:09:22,16.15,8,12919,1
10:09:16,16.15,3,4845,1
10:09:13,16.13,78,125813,-1
10:09:07,16.15,2,3229,1
10:09:04,16.15,13,20994,1
10:09:01,16.15,278,448969,1
10:08:58,16.14,4,6456,1
10:08:54,16.13,16,25808,-1
10:08:51,16.14,8,12912,1
10:08:45,16.13,10,16129,-1
10:08:42,16.14,5,8070,-1
10:08:39,16.15,11,17765,1
10:08:36,16.15,7,11304,1
10:08:30,16.15,11,17765,1
10:08:27,16.15,80,129199,1
10:08:21,16.14,1,1614,1
10:08:18,16.13,67,108071,-1
10:08:15,16.14,1,1614,1
10:08:12,16.13,5,8064,-1
10:08:09,16.15,7,11304,1
10:08:06,16.15,13,20994,1
10:08:03,16.15,25,40375,1
10:07:54,16.15,6,9690,1
10:07:51,16.14,36,58104,-1
10:07:45,16.15,3,4845,1
10:07:42,16.15,1,1614,1
10:07:39,16.14,13,20982,-1
10:07:36,16.15,5,8074,1
10:07:33,16.15,102,164730,1
10:07:27,16.15,2,3229,0
10:07:24,16.16,2,3232,1
10:07:21,16.16,49,79200,1
10:07:18,16.15,123,198644,1
10:07:15,16.15,1,1614,1
10:07:12,16.15,17,27454,1
10:07:09,16.14,284,459344,-1
10:07:06,16.16,2,3232,1
10:07:03,16.16,24,38784,1
10:07:00,16.16,2,3232,1
10:06:57,16.15,11,18007,-1
10:06:54,16.16,4,6464,1
10:06:51,16.16,24,38784,0
10:06:48,16.17,1,1617,1
10:06:45,16.17,20,32340,1
10:06:39,16.17,2,3234,1
10:06:36,16.15,20,32316,-1
10:06:33,16.17,4,6468,1
10:06:30,16.15,3,4861,-1
10:06:27,16.17,49,79233,1
10:06:24,16.16,337,544592,-1
10:06:21,16.17,25,40425,1
10:06:18,16.17,64,103488,1
10:06:15,16.17,44,71552,-1
10:06:12,16.17,2,3234,-1
10:06:09,16.18,21,33994,1
10:06:06,16.18,21,35175,1
10:06:03,16.17,117,189189,1
10:06:00,16.17,60,97020,1
10:05:54,16.17,2,3347,1
10:05:51,16.17,4,6468,1
10:05:48,16.16,74,119616,1
10:05:45,16.16,0,0,1
10:05:42,16.16,2,3232,1
10:05:39,16.14,6,9716,-1
10:05:36,16.15,5,8074,0
10:05:33,16.14,50,80700,-1
10:05:30,16.16,1,1616,1
10:05:27,16.15,3,4845,-1
10:05:24,16.15,5,8074,-1
10:05:21,16.16,1,1616,1
10:05:18,16.16,1,1616,-1
10:05:15,16.17,2,3428,1
10:05:12,16.14,51,82314,-1
10:05:09,16.17,29,46893,1
10:05:06,16.16,2,3232,1
10:05:03,16.13,60,96780,-1
10:05:00,16.16,1,1616,1
10:04:57,16.17,4,6468,1
10:04:54,16.16,13,21008,1
10:04:51,16.16,67,108272,1
10:04:45,16.13,0,193,-1
10:04:39,16.16,6,9696,0
10:04:36,16.17,1,1617,1
10:04:33,16.13,4,6452,1
10:04:30,16.13,591,953282,1
10:04:27,16.13,2,3226,1
10:04:24,16.13,30,48390,1
10:04:21,16.11,200,322200,-1
10:04:18,16.13,1,1613,1
10:04:15,16.13,22,35486,1
10:04:12,16.13,27,43551,1
10:04:09,16.12,5,8060,-1
10:04:06,16.13,24,38712,1
10:04:03,16.13,3,4839,1
10:03:57,16.13,1,1613,1
10:03:54,16.12,12,19344,-1
10:03:51,16.13,3,4839,1
10:03:45,16.12,0,290,-1
10:03:42,16.13,2,3226,1
10:03:39,16.13,27,43551,-1
10:03:36,16.13,48,77424,-1
10:03:33,16.14,10,16140,1
10:03:30,16.13,171,275823,-1
10:03:27,16.14,3,4842,1
10:03:24,16.14,7,11298,1
10:03:21,16.13,3,4839,-1
10:03:18,16.13,12,19356,-1
10:03:15,16.13,13,20969,-1
10:03:12,16.14,1,1614,1
10:03:03,16.13,25,40325,-1
10:03:00,16.14,16,25824,1
10:02:57,16.14,16,25824,1
10:02:54,16.14,2,3228,1
10:02:51,16.14,43,69402,1
10:02:45,16.14,23,37122,1
10:02:42,16.14,6,9684,1
10:02:36,16.14,2,3228,1
10:02:33,16.13,7,11291,-1
10:02:30,16.14,8,12912,1
10:02:27,16.13,153,246788,0
10:02:24,16.11,293,472023,-1
10:02:17,16.14,5,8070,1
10:02:14,16.13,123,198399,1
10:02:11,16.13,1,1613,1
10:02:09,16.13,1,1613,1
10:02:06,16.13,2,3226,1
10:02:02,16.13,1,1613,1
10:02:00,16.13,1,1613,1
10:01:57,16.12,19,30628,1
10:01:54,16.12,2,3224,1
10:01:51,16.12,43,69316,0
10:01:47,16.11,134,215874,-1
10:01:38,16.13,3,4839,1
10:01:35,16.11,4,6444,-1
10:01:32,16.13,13,20969,1
10:01:29,16.11,12,19332,-1
10:01:26,16.11,7,11277,-1
10:01:23,16.14,63,101682,1
10:01:20,16.11,22,35442,-1
10:01:17,16.12,15,24180,1
10:01:14,16.11,1,1611,-1
10:01:11,16.12,5,8060,1
10:01:08,16.12,1,1612,1
10:01:05,16.11,153,246483,1
10:01:02,16.1,40,64400,-1
10:00:59,16.11,3,4833,1
10:00:56,16.11,16,25776,1
10:00:53,16.1,49,78890,-1
10:00:50,16.11,2,3222,1
10:00:47,16.11,10,16110,1
10:00:44,16.11,61,98271,1
10:00:41,16.1,81,130410,-1
10:00:38,16.11,5,8055,1
10:00:35,16.11,3,4833,1
10:00:32,16.1,10,16100,-1
10:00:29,16.1,41,66010,-1
10:00:26,16.1,27,43470,-1
10:00:23,16.1,65,104811,1
10:00:20,16.1,11,17710,1
10:00:17,16.1,29,48139,-1
10:00:14,16.11,29,46719,1
10:00:11,16.1,311,500871,1
10:00:08,16.1,27,43470,1
10:00:05,16.1,75,122343,-1
10:00:02,16.11,11,17721,1
09:59:59,16.1,161,259226,1
09:59:56,16.09,5,8334,1
09:59:53,16.09,25,40225,-1
09:59:50,16.11,6,9666,1
09:59:47,16.11,22,35442,1
09:59:44,16.08,181,291064,-1
09:59:41,16.1,25,40813,-1
09:59:38,16.1,368,594057,1
09:59:35,16.1,84,135240,1
09:59:32,16.1,25,40250,1
09:59:29,16.1,182,293020,1
09:59:26,16.1,2,3220,1
09:59:23,16.1,27,43470,1
09:59:20,16.1,47,75670,1
09:59:17,16.1,334,537772,-1
09:59:14,16.11,43,69289,1
09:59:11,16.1,15,24230,-1
09:59:08,16.11,8,12888,1
09:59:05,16.11,16,25776,1
09:59:02,16.11,231,372141,-1
09:58:59,16.12,3,4836,1
09:58:56,16.12,73,117676,1
09:58:53,16.11,62,99882,-1
09:58:50,16.12,5,8060,1
09:58:47,16.12,1,1612,1
09:58:44,16.12,13,20956,1
09:58:41,16.12,1,1612,1
09:58:38,16.12,35,56420,1
09:58:35,16.12,34,54808,1
09:58:32,16.12,27,45007,-1
09:58:29,16.13,201,324213,1
09:58:26,16.13,1,1613,1
09:58:23,16.12,58,93624,1
09:58:20,16.12,52,83824,1
09:58:17,16.12,13,20956,1
09:58:14,16.12,20,32240,1
09:58:02,16.12,7,11284,1
09:57:59,16.12,7,11284,1
09:57:56,16.12,200,322400,1
09:57:53,16.11,1,1611,-1
09:57:50,16.12,2,3224,1
09:57:47,16.12,10,16120,1
09:57:44,16.12,3,4836,1
09:57:41,16.12,6,9672,1
09:57:38,16.12,12,19344,1
09:57:35,16.12,31,49972,1
09:57:32,16.12,15,25663,-1
09:57:29,16.12,3,4900,-1
09:57:25,16.13,1,1613,1
09:57:23,16.12,7,11348,-1
09:57:17,16.13,1,1613,1
09:57:14,16.11,4,6444,-1
09:57:10,16.13,0,0,1
09:57:08,16.13,1,1629,1
09:57:05,16.13,18,29034,1
09:57:02,16.1,0,96,-1
09:56:59,16.1,11,17710,-1
09:56:55,16.11,8,12888,0
09:56:53,16.12,104,167648,1
09:56:49,16.11,113,182043,1
09:56:46,16.11,1,1611,1
09:56:43,16.11,20,32220,1
09:56:40,16.11,106,170766,1
09:56:37,16.11,75,120825,1
09:56:34,16.1,63,101430,-1
09:56:31,16.11,1,1611,1
09:56:28,16.11,30,48330,1
09:56:25,16.1,289,465290,-1
09:56:22,16.11,68,109548,1
09:56:19,16.1,38,61180,-1
09:56:16,16.11,14,22554,1
09:56:13,16.1,51,82110,-1
09:56:10,16.11,15,24165,1
09:56:07,16.11,14,22554,1
09:56:04,16.11,218,351198,-1
09:56:01,16.11,4,6444,-1
09:55:58,16.12,150,241800,-1
09:55:55,16.12,5,8060,-1
09:55:52,16.12,1,1612,-1
09:55:40,16.12,4,6448,1
09:55:37,16.12,25,40300,1
09:55:34,16.12,109,175708,1
09:55:31,16.12,20,32240,1
09:55:25,16.12,14,22568,1
09:55:22,16.12,216,348192,-1
09:55:19,16.13,137,220981,1
09:55:16,16.13,1,1613,1
09:55:13,16.13,2,3226,1
09:55:10,16.13,3,4839,1
09:55:07,16.13,22,35486,1
09:55:04,16.13,3,4839,1
09:55:01,16.13,27,43551,-1
09:54:58,16.13,27,43551,-1
09:54:55,16.14,2,3228,1
09:54:52,16.14,64,103296,1
09:54:49,16.14,2,3228,1
09:54:46,16.14,6,9684,1
09:54:43,16.14,1,1614,1
09:54:40,16.14,15,24210,1
09:54:37,16.14,10,16140,1
09:54:34,16.13,199,320987,-1
09:54:31,16.13,19,30646,-1
09:54:28,16.14,8,12912,1
09:54:25,16.14,31,50034,1
09:54:22,16.14,48,77472,1
09:54:19,16.14,35,56490,1
09:54:16,16.14,38,61332,1
09:54:13,16.13,26,41938,-1
09:54:10,16.14,1,1614,1
09:54:07,16.13,12,19356,1
09:54:04,16.13,112,180656,1
09:54:01,16.13,3,4839,1
09:53:58,16.11,0,0,-1
09:53:55,16.11,30,48330,-1
09:53:52,16.13,2,3226,1
09:53:49,16.11,20,32220,-1
09:53:46,16.13,7,11291,1
09:53:43,16.11,39,62829,-1
09:53:40,16.14,3,4842,1
09:53:37,16.14,56,90384,1
09:53:34,16.14,93,150102,1
09:53:31,16.1,109,175490,-1
09:53:28,16.1,39,64158,1
09:53:25,16.1,14,22540,1
09:53:22,16.09,154,247786,-1
09:53:19,16.1,3,4830,1
09:53:16,16.1,6,9660,1
09:53:13,16.1,16,27128,-1
09:53:10,16.1,36,57960,-1
09:53:07,16.12,1,1612,1
09:53:04,16.12,7,11284,1
09:53:01,16.12,3,4836,1
09:52:58,16.12,62,99944,1
09:52:55,16.1,1000,1610000,-1
09:52:52,16.13,3,4839,1
09:52:49,16.13,42,67746,1
09:52:46,16.13,48,77665,1
09:52:43,16.14,17,27438,1
09:52:40,16.14,25,40350,1
09:52:37,16.12,289,465868,-1
09:52:34,16.14,2,3228,1
09:52:31,16.14,11,17754,1
09:52:28,16.14,195,314730,-1
09:52:25,16.16,85,137360,1
09:52:22,16.15,3,4845,1
09:52:19,16.15,30,48999,-1
09:52:16,16.17,100,161700,1
09:52:13,16.15,87,140505,-1
09:52:10,16.17,1,1617,1
09:52:07,16.17,44,71148,1
09:52:04,16.17,54,87318,1
09:52:01,16.17,101,164853,0
09:51:58,16.18,22,35596,1
09:51:55,16.16,33,53328,-1
09:51:52,16.17,10,16170,-1
09:51:49,16.17,23,37191,-1
09:51:46,16.18,1,1618,1
09:51:43,16.18,1,1618,1
09:51:40,16.18,5,8090,1
09:51:37,16.18,52,84136,1
09:51:34,16.16,7,11312,-1
09:51:31,16.16,1,1696,-1
09:51:28,16.18,1,1618,0
09:51:25,16.19,4,6476,1
09:51:22,16.19,31,50189,1
09:51:19,16.19,15,24285,1
09:51:16,16.19,8,12952,1
09:51:13,16.19,38,61522,1
09:51:10,16.19,58,93902,-1
09:51:07,16.2,3,4860,1
09:51:04,16.2,47,76140,1
09:51:01,16.2,219,354780,1
09:50:58,16.18,65,105170,-1
09:50:55,16.19,36,58284,1
09:50:52,16.18,14,22652,1
09:50:49,16.18,13,21034,1
09:50:46,16.18,10,16180,1
09:50:43,16.18,46,75884,-1
09:50:40,16.19,76,123044,1
09:50:37,16.18,353,571315,1
09:50:34,16.17,69,111573,-1
09:50:31,16.18,3,4854,1
09:50:28,16.18,55,88990,1
09:50:25,16.18,20,32360,1
09:50:22,16.15,102,164730,-1
09:50:19,16.17,36,58212,1
09:50:16,16.17,48,77632,1
09:50:13,16.17,296,478632,1
09:50:10,16.16,1,2650,-1
09:50:07,16.17,6,9702,1
09:50:04,16.16,41,66256,1
09:50:01,16.16,73,117968,1
09:49:58,16.16,194,313504,1
09:49:54,16.16,135,218160,1
09:49:52,16.16,18,29088,1
09:49:49,16.16,4,6464,1
09:49:46,16.15,23,37161,-1
09:49:43,16.15,33,53294,-1
09:49:40,16.16,77,124432,1
09:49:37,16.15,75,121124,1
09:49:34,16.14,43,69402,1
09:49:24,16.14,16,25824,1
09:49:21,16.14,20,32280,1
09:49:18,16.14,26,41964,-1
09:49:15,16.14,36,58104,-1
09:49:12,16.16,17,27472,1
09:49:09,16.15,38,61369,0
09:49:06,16.16,91,147104,1
09:49:03,16.14,8,12912,-1
09:49:00,16.15,13,20994,-1
09:48:57,16.15,96,155040,1
09:48:54,16.14,50,80700,-1
09:48:51,16.16,12,19392,1
09:48:48,16.15,43,69445,1
09:48:45,16.15,38,61369,1
09:48:42,16.15,22,35530,1
09:48:39,16.15,48,77520,-1
09:48:36,16.16,33,53328,1
09:48:33,16.16,55,88880,1
09:48:30,16.16,2,3232,1
09:48:27,16.15,48,77520,-1
09:48:24,16.17,168,271656,1
09:48:21,16.16,88,142208,-1
09:48:18,16.17,70,113190,1
09:48:15,16.16,24,38784,-1
09:48:12,16.17,44,71148,-1
09:48:09,16.17,46,74382,-1
09:48:06,16.18,57,92226,1
09:48:03,16.17,21,33957,-1
09:48:00,16.17,12,19404,-1
09:47:57,16.17,11,17787,0
09:47:54,16.17,23,37191,1
09:47:51,16.16,143,231088,-1
09:47:48,16.18,25,40450,1
09:47:45,16.17,40,64857,1
09:47:42,16.18,92,148856,1
09:47:39,16.17,56,90552,1
09:47:36,16.17,27,43659,-1
09:47:33,16.19,260,420940,1
09:47:30,16.17,5,8085,-1
09:47:27,16.18,6,9708,1
09:47:24,16.18,16,27182,-1
09:47:21,16.18,132,213899,1
09:47:18,16.17,45,72765,-1
09:47:15,16.18,71,114878,1
09:47:12,16.16,115,185840,-1
09:47:09,16.17,12,19404,-1
09:47:06,16.17,18,29106,-1
09:47:03,16.17,55,88935,-1
09:47:00,16.18,190,307420,1
09:46:57,16.17,108,174636,1
09:46:54,16.17,40,64680,1
09:46:51,16.17,7,11319,1
09:46:48,16.18,18,29124,1
09:46:45,16.18,196,317128,1
09:46:42,16.16,56,90496,1
09:46:39,16.16,74,119584,1
09:46:36,16.16,45,72720,1
09:46:33,16.17,98,158466,1
09:46:30,16.16,93,150288,-1
09:46:27,16.17,62,100254,1
09:46:24,16.17,20,32340,1
09:46:21,16.17,128,206976,1
09:46:18,16.17,39,63063,1
09:46:15,16.17,17,27489,1
09:46:12,16.17,67,108339,1
09:46:09,16.15,121,195414,-1
09:46:06,16.17,1,1617,1
09:46:03,16.17,7,11319,1
09:46:00,16.17,51,82467,1
09:45:57,16.15,65,104974,1
09:45:54,16.15,137,221254,1
09:45:51,16.15,104,167959,1
09:45:48,16.15,50,80750,1
09:45:45,16.14,7,11298,1
09:45:42,16.14,41,66174,1
09:45:39,16.13,91,146783,1
09:45:36,16.13,3,4839,1
09:45:33,16.13,44,70972,1
09:45:27,16.11,6,9666,1
09:45:24,16.11,39,62829,-1
09:45:21,16.14,33,53262,1
09:45:18,16.14,6,9684,1
09:45:15,16.14,1,1614,1
09:45:12,16.14,16,25824,1
09:45:09,16.14,3,4842,1
09:45:06,16.14,78,125892,1
09:45:03,16.09,331,532579,-1
09:45:00,16.1,23,37030,1
09:44:57,16.09,85,136765,-1
09:44:54,16.09,10,16090,-1
09:44:51,16.09,105,168945,-1
09:44:48,16.1,139,223790,1
09:44:45,16.09,6,9654,1
09:44:42,16.09,14,22526,1
09:44:39,16.08,8,12863,0
09:44:36,16.09,5,8045,1
09:44:33,16.07,107,171949,-1
09:44:30,16.09,50,80450,1
09:44:27,16.09,6,9654,1
09:44:24,16.08,30,48239,-1
09:44:21,16.08,205,329639,1
09:44:18,16.08,32,51455,1
09:44:15,16.08,9,14471,1
09:44:12,16.08,42,67536,1
09:44:09,16.08,191,308494,1
09:44:06,16.07,1,1607,1
09:44:03,16.07,10,16070,1
09:44:00,16.07,1,1848,-1
09:43:57,16.07,11,17677,-1
09:43:53,16.08,5,8039,1
09:43:51,16.07,17,27319,-1
09:43:48,16.08,12,19295,1
09:43:45,16.08,165,265320,-1
09:43:42,16.09,11,17699,1
09:43:39,16.09,42,67578,1
09:43:36,16.09,17,27353,1
09:43:33,16.09,26,41834,1
09:43:30,16.08,50,80399,1
09:43:27,16.07,83,133381,-1
09:43:24,16.08,32,51455,1
09:43:20,16.07,20,32140,-1
09:43:18,16.07,4,7568,-1
09:43:15,16.07,1,1831,-1
09:43:11,16.08,50,80399,1
09:43:09,16.08,215,345719,-1
09:43:05,16.09,23,37007,1
09:43:02,16.09,62,99758,1
09:43:00,16.08,39,62711,-1
09:42:57,16.09,39,62751,1
09:42:54,16.09,62,99758,1
09:42:47,16.09,1,1609,1
09:42:44,16.09,13,20917,1
09:42:41,16.09,135,217215,1
09:42:38,16.09,35,56315,-1
09:42:32,16.1,2,3220,1
09:42:29,16.09,21,33789,-1
09:42:23,16.1,15,24150,1
09:42:20,16.08,103,165623,-1
09:42:14,16.09,12,19308,1
09:42:11,16.08,42,67536,-1
09:42:08,16.09,2,3218,1
09:42:05,16.09,1,1609,1
09:42:02,16.08,26,41807,1
09:41:59,16.07,16,25712,-1
09:41:56,16.07,6,9642,-1
09:41:53,16.08,18,28943,1
09:41:50,16.07,13,20891,-1
09:41:47,16.08,27,43415,1
09:41:44,16.08,18,28943,1
09:41:41,16.07,5,8035,1
09:41:38,16.06,23,36938,-1
09:41:35,16.06,34,54603,-1
09:41:29,16.06,21,33726,-1
09:41:26,16.07,1,1607,1
09:41:23,16.05,67,107535,-1
09:41:20,16.05,52,83460,-1
09:41:17,16.05,10,16050,-1
09:41:14,16.06,1,1605,1
09:41:11,16.06,12,19272,1
09:41:08,16.05,47,75435,-1
09:41:05,16.06,27,43362,1
09:41:02,16.06,12,19272,-1
09:40:59,16.08,1,1607,1
09:40:56,16.05,39,62595,-1
09:40:53,16.06,6,9636,1
09:40:50,16.06,7,11242,1
09:40:47,16.05,27,43335,-1
09:40:44,16.06,104,167024,1
09:40:41,16.06,175,281050,1
09:40:38,16.05,54,86670,-1
09:40:35,16.06,2,3211,1
09:40:32,16.06,3,4818,1
09:40:29,16.06,20,32119,1
09:40:26,16.06,77,123661,0
09:40:23,16.08,1,1607,1
09:40:17,16.08,11,17687,1
09:40:14,16.08,52,83615,1
09:40:11,16.08,22,35375,1
09:40:08,16.06,13,20878,1
09:40:05,16.06,14,22484,-1
09:40:02,16.09,1,1609,1
09:39:59,16.06,14,22484,-1
09:39:56,16.05,31,49755,0
09:39:53,16.06,98,157388,1
